4716 5842
2244 504 2444 511 κήκ-

435 613 768 680 domicilia
809 632 889 676 ac
933 608 1123 675 sedes
1166 606 1456 672 Athenas
1475 655 1491 686 ,
1552 604 1961 689 Mytilenam,
2014 603 2319 669 Rhodum
2380 606 2837 686 susceperunt,
2904 623 3034 668 non
3078 601 3270 669 modo
3318 608 3392 667 ut
3442 601 3860 685 elegantioris
3897 604 4071 669 vitae

437 733 503 792 et
545 723 871 810 politioris
917 719 1346 785 humanitatis
1393 721 1751 802 praecepta
1811 736 1891 780 ex
1943 714 2073 780 illis
2131 716 2511 792 haurirent,
2571 735 2796 779 verum
2855 715 3053 779 etiam
3113 720 3187 779 ut
3246 714 3652 781 efficaciores
3708 714 3943 780 fierent
3986 715 4074 780 ad

437 835 909 921 rempublicam
953 832 1119 897 bene
1163 826 1749 895 administrandam
1799 846 2215 909 summosque
2260 827 2329 891 in
2376 846 2456 890 ea
2495 826 2779 891 honores
2829 825 3285 910 capessendos.
3377 826 3562 904 Quod
3612 827 4072 892 commercium

436 970 566 1033 quo
610 946 822 1029 magis
863 942 1247 1027 augebatur,
1291 959 1368 1006 eo
1413 938 1606 1024 plura
1646 937 1793 1003 fieri
1836 959 1967 1025 non
2008 942 2275 1022 poterat
2319 938 2479 1020 quin
2524 938 2770 1021 scripta
2812 937 3071 1003 Graeca
3114 937 3651 1022 importarentur3
3698 959 3850 1003 mox
3890 944 4074 1004 totae

436 1083 478 1127 a
519 1058 799 1126 Graecia
841 1058 908 1120 in
962 1052 1221 1119 Italiam
1265 1049 1641 1135 migrabant
1682 1048 2120 1115 bibliothecae
2142 1100 2157 1129 ,
2203 1048 2413 1115 multa
2458 1070 2587 1132 quo
2630 1048 2832 1114 latius
2876 1055 3407 1134 propagarentur
3451 1070 3653 1133 opera
3716 1049 3785 1115 in
3828 1070 4072 1117 sermo-

434 1193 584 1238 nem
630 1169 931 1234 Latinum
976 1164 1419 1231 vertebantur.

740 1279 1014 1344 Iamiam
1075 1277 1276 1361 igitur
1331 1274 1419 1339 ad
1491 1273 1862 1338 litterarum
1919 1274 2361 1339 Romanarum
2431 1278 2749 1356 tanquam
2811 1273 3143 1339 cardinem
3198 1273 3380 1337 illum
3429 1274 3872 1356 pervenimus,
3941 1296 4071 1358 quo

433 1403 726 1479 tempore
769 1392 839 1456 in
888 1409 1090 1454 novas
1147 1388 1394 1452 formas
1438 1384 1862 1462 transierunt,
1909 1405 2056 1449 cum
2112 1384 2392 1450 Romani
2463 1385 2597 1451 sive
2659 1385 2903 1451 iudicio
2954 1386 3089 1451 sive
3135 1384 3457 1450 affinitate
3500 1384 3788 1468 quadam
3832 1386 4071 1469 ingenii

429 1506 691 1591 impulsi
749 1506 809 1571 ei
876 1501 1249 1567 litterarum
1309 1498 1711 1564 Graecarum
1776 1498 1998 1579 generi
2057 1496 2551 1580 diligentissime
2614 1518 2882 1581 operam
2943 1517 3186 1573 navare
3246 1502 3630 1580 coeperunt,
3693 1497 3868 1579 quod
3927 1519 4073 1563 cum

432 1620 642 1703 primo
716 1614 993 1699 legendo
1053 1612 1506 1694 cognovissent
1580 1615 1648 1674 et
1726 1608 2242 1688 adamavissent,
2318 1629 2471 1674 mox
2555 1615 2788 1693 suapte
2870 1610 3111 1693 ingenii
3188 1608 3249 1673 vi
3330 1614 3396 1674 et
3462 1609 3712 1692 impetu
3775 1611 4074 1675 excolere

434 1731 652 1795 conati
712 1732 864 1792 sunt
922 1726 1017 1791 ita
1081 1730 1155 1789 ut
1196 1744 1314 1808 per
1356 1728 1565 1787 totam
1624 1720 1811 1786 illam
1871 1726 2157 1787 aetatem
2218 1721 2684 1786 auctoritatem
2748 1719 3095 1787 obtineret.
3185 1720 3276 1785 Ut
3315 1721 3490 1785 enim
3536 1721 3604 1784 in
3651 1720 4066 1803 eloquentiae

434 1841 650 1906 studio
714 1837 978 1921 egregia
1046 1835 1161 1899 illa
1234 1835 1600 1899 Atticorum
1664 1833 2067 1917 exemplaria
2086 1883 2101 1913 ,
2175 1832 2497 1916 imprimis
2572 1820 3078 1899 Demosthenem
3097 1883 3111 1912 ,
3169 1831 3630 1915 neglegebant,
3691 1832 3788 1896 ita
3859 1855 3940 1899 ne
4005 1834 4074 1899 in

432 1957 776 2035 poetarum
825 1948 1087 2032 quidem
1131 1967 1368 2030 genere
1414 1944 1711 2028 eligendo
1758 1966 1793 2010 e
1836 1946 1982 2011 vivo
2025 1945 2140 2010 illo
2190 1944 2511 2027 largoque
2556 1944 2737 2013 fonte
2781 1944 2934 2010 inde
2982 1944 3067 2010 ab
3113 1944 3399 2010 Homero
3445 1965 3653 2027 usque
3692 1943 3778 2009 ad
3824 1944 4073 2030 Sopho-

437 2063 600 2127 clem
647 2061 1044 2127 scaturiente
1085 2057 1517 2135 hauriebant,
1579 2057 1694 2122 sed
1757 2058 1948 2140 quasi
2000 2059 2071 2121 in
2119 2056 2448 2122 secundae
2506 2077 2772 2124 mensae
2822 2056 3124 2122 frustulis
3167 2056 3696 2139 acquiescebant,
3744 2077 3939 2138 quam
3986 2057 4071 2123 ab

434 2175 674 2239 artium
740 2173 960 2256 patria
1021 2172 1177 2236 tulit
1232 2172 1584 2255 Aegyptus.
1690 2169 1919 2252 Neque
1978 2190 2131 2234 vero
2198 2169 2352 2251 miri
2411 2167 2590 2252 illius
2648 2169 3090 2234 Romanorum
3165 2174 3234 2233 et
3291 2167 3882 2234 Alexandrinorum
3936 2169 4070 2235 foe-

434 2285 607 2350 deris
654 2305 888 2349 causas
937 2282 1203 2348 difficile
1246 2281 1607 2365 indagabis.
1697 2281 1867 2347 Nam
1929 2302 2074 2347 cum
2132 2280 2347 2346 fracto
2393 2281 2644 2364 ingenti
2699 2280 2811 2346 illo
2857 2280 3245 2363 infirmoque
3290 2279 3641 2345 Alexandri
3689 2279 3912 2363 Magni
3955 2281 4072 2346 im·

431 2397 613 2480 perio
651 2397 929 2461 Graecia
970 2395 1119 2478 ipsa
1154 2394 1409 2459 deiecta
1442 2395 1710 2473 iaceret,
1754 2393 2179 2475 singulaeque
2223 2393 2524 2458 civitates
2566 2412 2831 2457 eversae
2880 2398 3115 2472 essent,
3162 2392 3353 2457 simul
3399 2414 3544 2456 cum
3579 2412 3832 2457 morum
3880 2393 4072 2459 disci-

436 2508 615 2592 plina
660 2508 857 2572 etiam
904 2526 1117 2572 sermo
1165 2505 1460 2570 Graecus
1505 2506 1852 2589 corrumpi,
1898 2504 2141 2588 ingenii
2189 2504 2428 2570 Graeci
2475 2505 2644 2569 vires
2682 2503 3164 2586 elanguescere,
3209 2504 3524 2588 ipsaeque
3569 2504 3797 2569 Musae
3844 2505 4070 2570 obmu-

433 2626 684 2685 tescere
729 2623 1104 2702 coeperunt.
1194 2616 1342 2681 Una
1386 2617 1583 2682 docta
1624 2617 1998 2682 litterarum
2042 2616 2263 2682 studia
2305 2621 2522 2681 tutum
2565 2615 2969 2700 praesidium
3027 2617 3415 2681 invenerunt
3457 2637 3537 2680 ac
3581 2617 4070 2701 receptaculum

433 2731 651 2795 aulam
694 2729 1218 2793 Ptolemaeorum
1261 2728 1800 2808 Alexandrinam,
1862 2749 2031 2812 quae
2076 2729 2235 2794 urbs
2295 2728 2483 2793 sedes
2530 2728 2710 2793 facta
2753 2734 2854 2794 est
2899 2728 3235 2793 hominum
3278 2728 3793 2811 ingeniosorum,
3840 2729 3951 2812 qui
4000 2729 4068 2794 id

430 2841 711 2906 maxime
731 2840 1039 2925 agebant,
1083 2845 1161 2906 ut
1190 2841 1487 2925 ingentes
1517 2840 1667 2905 illas
1697 2860 1854 2925 opes
1886 2862 1928 2904 a
1957 2840 2314 2906 maioribus
2346 2845 2656 2925 acceptas
2686 2840 3083 2924 colligerent,
3131 2844 3608 2919 conservarent,
3655 2841 3722 2903 in
3769 2840 4064 2907 ordinem

431 2953 820 3036 redigerent.
908 2952 1292 3037 Multiplicis
1337 2954 1538 3036 igitur
1580 2954 1935 3035 variaeque
1991 2952 2327 3018 doctrinae
2386 2953 2704 3036 imprimis
2752 2953 3246 3036 grammaticam
3310 2953 3669 3037 spectantis
3711 2953 4067 3018 iactatione

430 3065 546 3129 illa
592 3071 776 3130 aetas
833 3065 1139 3148 insignis3
1198 3085 1411 3147 neque
1461 3069 1637 3130 certe
1684 3063 2003 3129 falluntur
2062 3066 2172 3147 qui
2217 3085 2408 3129 veras
2456 3049 2858 3129 Graecorum
2901 3065 3158 3129 litteras
3216 3065 3620 3147 antiquiores
3666 3065 3912 3129 iamdiu
3954 3065 4068 3130 ab·

433 3177 681 3242 solutas
724 3183 877 3242 ante
919 3177 1037 3241 illa
1078 3182 1379 3260 tempora
1437 3175 1639 3241 fuisse
1694 3176 2095 3241 contendunt
2153 3197 2231 3240 ac
2287 3176 2635 3258 perfectas.
2724 3175 2953 3258 Neque
3015 3177 3186 3241 enim
3239 3176 3596 3242 Ptolemaei
3658 3183 3776 3241 aut
3819 3198 4070 3242 summa

431 3288 828 3354 liberalitate
873 3295 990 3354 aut
1034 3287 1331 3353 artificiis
1377 3293 1678 3372 tempora
1720 3286 1835 3353 illa
1877 3308 2188 3354 revocare
2232 3286 2577 3352 valuerunt
2620 3287 2705 3352 ad
2736 3288 3022 3352 divinam
3068 3290 3269 3353 animi
3313 3289 3663 3367 flammam,
3709 3289 3815 3352 cui
3861 3288 4065 3355 Grae-

434 3419 660 3465 corum
702 3400 918 3483 poesis
952 3399 1333 3480 debebatur,
1380 3399 1794 3465 excitandam
1839 3399 2094 3480 idonea,
2138 3421 2261 3464 nec
2304 3400 2479 3464 docti
2521 3400 2620 3463 illi
2664 3400 2786 3464 viri
2837 3399 3108 3484 Serapei
3154 3406 3222 3465 et
3264 3400 3474 3465 Musei
3521 3400 3824 3466 custodes
3869 3406 4067 3484 atque

431 3510 713 3588 alumni,
773 3511 1013 3594 quippe
1058 3512 1170 3594 qui
1210 3534 1285 3576 re
1329 3532 1485 3576 vera
1523 3511 1856 3595 peregrini
1910 3520 2129 3577 essent
2184 3513 2253 3576 in
2295 3513 2625 3596 AegyptO,
2684 3533 2725 3576 a
2768 3511 2981 3594 plebis
3023 3511 3506 3578 Alexandrinae
3552 3514 3941 3578 commercio
3987 3534 4067 3578 ex

432 3624 719 3688 omnium
763 3623 1053 3706 gentium
1106 3622 1381 3688 colluvie
1443 3623 1809 3707 permixtae
1875 3625 2178 3705 omnique
2237 3629 2305 3688 et
2347 3644 2566 3688 rerum
2610 3629 2943 3705 gestarum
3009 3628 3075 3687 et
3131 3623 3559 3688 humanitatis
3603 3626 4066 3690 communitate

432 3735 714 3799 carentis
759 3755 838 3798 ac
867 3740 1233 3818 praeterea,
1259 3733 1342 3799 ob
1372 3755 1585 3799 mores
1618 3735 2094 3819 perditissimos
2121 3734 2401 3810 infamis,
2449 3734 2724 3816 intelligi
2767 3741 2884 3800 aut
2924 3735 3281 3818 quidquam
3325 3737 3646 3820 proficere
3691 3742 4065 3820 potuerunt.

431 3845 529 3909 Ne
574 3845 762 3911 aulae
808 3845 1070 3930 quidem
1116 3846 1339 3930 regiae
1398 3845 1746 3928 splendore
1801 3852 1918 3913 aut
1968 3868 2197 3930 regum
2244 3847 2491 3930 gratia,
2541 3867 2705 3928 quos
2750 3869 2878 3912 non
2925 3868 3146 3912 omnes
3208 3840 3471 3930 optimis
3517 3847 3771 3913 artibus
3832 3847 4067 3913 favisse

433 3962 706 4036 constat,
737 3977 857 4023 nec
900 3958 1291 4043 templorum
1333 3959 1869 4042 privatorumque
1907 3958 2353 4024 aedificiorum
2397 3958 2741 4024 maiestate
2788 3980 2908 4024 nec
2943 3979 3331 4043 pomparum
3365 3959 3849 4043 magnificentia
3895 3982 4065 4025 com-

431 4068 695 4152 pensari
737 4068 867 4132 illis
910 4076 1175 4152 poterat
1214 4070 1452 4154 patria,
1495 4070 1790 4151 libertas,
1837 4072 2078 4136 amissa
2124 4091 2282 4135 vera
2325 4071 2793 4137 immortalium
2836 4071 3035 4137 fides!

745 4180 925 4259 Quae
971 4201 1118 4245 cum
1159 4181 1257 4246 ita
1300 4189 1536 4261 essent,
1581 4182 1811 4248 mirari
1853 4202 1983 4247 non
2021 4181 2207 4261 licet,
2253 4181 2572 4264 quidquid
2622 4204 2896 4267 poeseos
2961 4190 3028 4249 et
3069 4184 3201 4248 illis
3245 4182 3651 4267 temporibus
3698 4184 3784 4249 ad
3824 4205 4067 4250 memo·

431 4293 599 4357 riam
642 4298 938 4358 nostram
981 4294 1298 4376 pervenit,
1343 4314 1613 4377 prorsus
1659 4314 1886 4360 carere
1930 4293 2150 4358 divina
2193 4293 2309 4358 illa
2354 4294 2554 4359 animi
2598 4295 3010 4374 incitatione,
3074 4316 3285 4377 neque
3327 4295 3569 4361 iniuste
3614 4296 3803 4362 nobis
3847 4296 4066 4362 facere

432 4403 757 4485 videmur,
817 4405 875 4470 si
925 4404 1099 4470 viros
1153 4403 1319 4470 illos.
1361 4410 1662 4470 strenuos
1679 4456 1695 4484 ,
1754 4406 1867 4488 qui
1927 4425 2072 4470 cum
2127 4405 2194 4470 in
2251 4405 2670 4480 bibliothecis
2726 4407 3146 4472 instituendis
3206 4407 3707 4491 digerendisque
3749 4429 4063 4473 summam

438 4513 848 4582 collocabant
890 4537 1194 4601 operam,
1252 4521 1390 4581 tam
1441 4516 1652 4581 multa
1691 4516 1875 4582 milia
1918 4538 2220 4582 versuum
2269 4517 2673 4598 condebant,
2744 4540 2873 4584 non
2917 4518 3129 4604 pluris
3174 4518 3452 4585 facimus
3504 4541 3701 4603 quam
3745 4518 4062 4584 facundos

433 4624 581 4688 illos
625 4624 1115 4710 Francogallos,
1173 4628 1287 4712 qui
1341 4650 1488 4694 cum
1547 4630 1721 4694 vitae
1780 4629 2272 4695 condicionibus
2328 4629 2508 4694 haud
2553 4629 2979 4697 dissimilibus
3029 4637 3398 4710 uterentur,
3445 4630 3954 4697 munificentiam
3999 4638 4066 4697 et

434 4734 741 4801 bellicam
789 4737 1060 4819 gloriam
1119 4740 1432 4806 Ludovici
1498 4740 1721 4824 Magni
1779 4741 2035 4825 frigidis
2094 4743 2229 4807 suis
2288 4741 2624 4807 versiculis
2688 4743 3133 4810 celebrabant.
3223 4743 3682 4822 Alexandrini,
3745 4763 3891 4808 cum
3935 4765 4065 4809 non

435 4847 621 4913 multi
665 4853 970 4914 extarent
1012 4853 1319 4933 aequales
1365 4853 1479 4937 qui
1519 4852 1814 4919 iudicare
1856 4859 2143 4937 possent,
2191 4854 2546 4938 praecipue
2596 4855 2790 4920 sociis
2838 4876 2918 4920 ac
2963 4854 3300 4920 sodalibus
3343 4854 3636 4920 carmina
3678 4875 3799 4920 sua
3844 4855 4064 4921 condi-

433 4958 606 5024 disse
673 4959 1005 5040 videntur,
1073 4981 1348 5044 quorum
1392 4963 1653 5030 fabulas
1712 4965 2096 5049 plerumque
2143 4985 2223 5029 ex
2268 4965 2722 5031 remotissimis
2764 4967 3082 5050 temporis
3130 4966 3568 5050 antiquissimi
3611 4967 3868 5051 angulis
3914 4989 4063 5033 con-

433 5071 785 5154 gerebant;
832 5072 1150 5157 quidquid
1194 5080 1414 5139 autem
1447 5077 1689 5160 ingenii
1736 5097 1887 5142 vere
1912 5075 2155 5161 poetici
2202 5075 2458 5156 deerat,
2502 5077 2978 5161 suppetebatur
3023 5078 3271 5161 ingenti
3303 5078 3668 5163 glossarum
3711 5079 4063 5163 farragine,

426 5184 747 5249 contortis
794 5186 1263 5251 sententiarum
1310 5190 1677 5269 structuriS,
1719 5186 1953 5271 amplis
1998 5187 2542 5270 digressionibus,
2588 5193 2775 5254 vasta
2821 5188 3166 5256 doctarum
3204 5211 3424 5257 rerum
3468 5193 3787 5276 congerie.
3877 5194 4062 5256 Atta-
