4716 5842
2200 397 2289 470 11

425 610 631 676 simus
678 605 898 671 dicere
936 603 1131 681 licet,
1187 601 1411 666 multis
1470 606 1706 685 poetae
1750 600 2135 684 Cyrenensis
2182 600 2567 685 epitaphiis,
2629 620 2905 683 quorum
2950 621 3197 677 sermo,
3261 600 3516 665 etiamsi
3575 600 3678 665 vel
3731 599 3810 665 de
3853 603 4057 667 servis

425 722 675 805 agitur,
739 736 937 801 saepe
983 712 1302 780 eiusmodi
1347 719 1476 792 est,
1530 719 1607 777 ut
1648 733 1870 777 veram
1915 712 2388 778 humanitatem
2433 713 2886 796 sincerumque
2933 712 3137 795 spiret
3183 733 3470 778 amorem
3495 714 3563 796 ¹).
3652 714 3816 778 Toto
3861 715 4060 796 igitur

424 834 581 900 huic
629 830 870 915 generi,
915 825 1094 911 quod
1114 825 1500 908 :elegiacam
1545 831 1613 889 et
1657 823 2069 903 didacticam,
2112 844 2309 908 quam
2346 844 2672 903 vocamus,
2717 823 2942 908 poesin
2988 824 3290 907 vitaeque
3334 825 3756 908 quotidianae
3802 827 4057 910 sapien·

422 947 589 1011 tiam
634 941 931 1026 angustis
973 938 1215 1004 finibus
1261 937 1698 1022 amplectitur,
1744 936 2197 1015 Callimachus,
2242 958 2436 1021 quem
2482 943 2548 1001 et
2590 936 2752 1019 ipsis
2806 936 3294 1019 epigrammatis
3337 958 3485 1001 oum
3531 937 3893 1022 Apolloni0,
3940 940 4057 1004 Ar-

428 1056 929 1143 gonauticorum
968 1056 1240 1117 auctore
1257 1100 1271 1129 ,
1325 1050 1645 1114 acerrime
1688 1056 1976 1114 certasse
2030 1054 2254 1114 notum
2302 1054 2433 1128 est,
2498 1054 2745 1114 certam
2808 1047 3138 1130 quandam
3195 1046 3502 1129 formam,
3565 1048 3934 1116 absolutam
3980 1072 4058 1116 ac

426 1170 791 1255 perfectam
838 1165 1053 1245 dedit3
1115 1168 1183 1228 et
1225 1160 1575 1227 admodum
1618 1160 1733 1226 illo
1780 1160 2224 1226 doctissimum
2274 1182 2596 1244 quemque
2645 1167 2844 1244 atque
2902 1160 3411 1225 eruditissimum
3454 1161 3894 1227 Romanorum
3937 1184 4059 1248 pro

430 1287 635 1366 captu
686 1278 1076 1362 ingenioque
1131 1274 1343 1358 gentis
1413 1274 1809 1339 delectatum
1869 1294 2009 1338 esse
2071 1279 2171 1337 est
2226 1275 2660 1357 perspicuum.
2750 1273 2859 1338 Sic
2917 1272 3210 1338 Catullus
3270 1272 3684 1356 lepidissimis
3745 1275 3878 1339 suis
3923 1276 4060 1359 epi·

432 1390 817 1478 grammatis
852 1396 1170 1471 tanquam
1228 1386 1378 1451 telis
1434 1406 1595 1452 usus
1655 1390 1757 1450 est
1800 1383 2113 1450 adversus
2154 1406 2460 1468 magnam
2507 1386 2687 1450 illam
2733 1386 3103 1468 aequalium
3149 1390 3478 1450 catervam
3524 1406 3801 1468 quorum
3846 1407 4058 1452 mores

433 1507 601 1571 iram
650 1505 791 1569 eius
836 1502 1343 1565 concitaverant.
1432 1497 1564 1563 Sed
1616 1497 1743 1562 hoc
1785 1496 1930 1562 loco
1973 1517 2104 1562 non
2148 1497 2417 1562 uberius
2461 1498 2649 1563 nobis
2693 1498 3017 1581 agendum
3065 1503 3165 1562 est
3204 1497 3285 1562 de
3330 1518 3410 1562 ea
3452 1519 3558 1575 re,
3619 1517 3789 1580 quae
3836 1519 4063 1581 quam·

427 1639 631 1702 quam
672 1614 910 1680 summi
953 1632 1093 1677 esse
1120 1611 1431 1676 momenti
1474 1610 1560 1674 ad
1602 1610 1820 1694 poesis
1856 1608 2368 1674 Alexandrinam
2409 1610 2539 1674 vim
2580 1631 2657 1674 ac
2686 1610 3160 1694 proprietatem
3191 1610 3258 1673 in
3282 1609 3633 1694 propatulo
3681 1616 3798 1690 est,
3840 1615 4062 1675 tamen

432 1730 518 1796 ad
565 1729 637 1794 id
682 1747 812 1810 quo
840 1726 1123 1789 maxime
1151 1721 1498 1803 tendimus,
1536 1721 1608 1786 id
1636 1727 1892 1786 tantum
1920 1721 2139 1787 valere
2179 1721 2543 1799 videbatur,
2589 1728 2662 1787 ut
2704 1722 2771 1787 in
2794 1727 3178 1787 transcursu
3208 1722 3438 1787 saltem
3476 1743 3617 1787 esse
3646 1723 4063 1787 tractandam

432 1847 840 1926 putaremus.
909 1836 985 1901 In
1029 1836 1155 1900 hoc
1195 1836 1399 1919 igitur
1432 1854 1668 1918 genere
1713 1855 1861 1898 cum
1883 1835 2132 1918 primas
2157 1832 2413 1899 deferre
2458 1840 2683 1918 partes
2713 1834 3111 1899 Callimacho
3145 1854 3333 1899 nemo
3377 1833 3655 1913 dubitet,
3702 1835 3783 1900 de
3827 1836 4063 1900 ceteris

435 1954 583 2016 eius
640 1949 1030 2015 carminibus
1091 1968 1331 2030 magna
1393 1967 1652 2030 semper
1694 1945 1821 2010 fuit
1877 1947 2050 2010 inter
2113 1945 2286 2010 viros
2344 1945 2573 2011 doctos
2636 1947 2970 2012 dissensio,
3058 1947 3238 2011 Inter
3300 1967 3463 2029 quos
3525 1946 3685 2012 satis
3743 1953 3841 2012 est
3900 1946 4064 2012 duos

439 2063 788 2139 nominare,
833 2060 1356 2139 Valckenarium,
1403 2060 1514 2142 qui
1562 2059 1993 2143 Cyrenensem
2038 2079 2185 2123 cum
2230 2058 2550 2142 Sophocle
2596 2078 2977 2142 comparare
3035 2079 3233 2123 ausus
3279 2064 3379 2124 est
3399 2058 3481 2144 2),
3545 2063 3611 2123 et
3672 2059 4061 2125 Guilelmum

436 2174 798 2257 Hertzberg
819 2175 908 2258 ³),
970 2173 1076 2238 cui
1128 2170 1563 2237 Callimachus
1580 2221 1595 2251 ‚
1649 2171 1717 2235 in
1774 2169 2104 2255 plerisque
2162 2190 2386 2255 eorum
2439 2171 2797 2235 carminum
2814 2220 2828 2249 ,
2889 2191 3057 2253 quae
3114 2191 3287 2235 nuno
3343 2171 3605 2254 quidem
3665 2178 4060 2255 comparent,

428 2286 843 2353 versificator
886 2285 1104 2370 potius
1148 2283 1411 2349 videtur-
1453 2304 1597 2349 esse
1642 2303 1841 2366 quam
1884 2288 2100 2366 poeta.

746 2399 1034 2477 Quorum
1087 2402 1438 2479 utrumque
1498 2394 1763 2461 modum
1821 2396 2179 2460 excessisse
2242 2415 2372 2459 non
2433 2394 2698 2460 difficile
2758 2399 2858 2459 est
2901 2394 3204 2477 probatu.
3295 2394 3460 2459 Nam
3515 2395 3612 2460 de
3646 2395 3740 2461 eis
3784 2395 4064 2460 Alexan-

438 2509 771 2575 drinorum
837 2509 1161 2593 poematis
1182 2557 1197 2586 ,
1280 2527 1449 2590 quae
1524 2507 1788 2591 proprie
1860 2527 2141 2590 vereque
2207 2507 2514 2572 dicuntur
2578 2506 2815 2590 lyrica,
2890 2513 3114 2572 notum
3186 2514 3287 2572 est
3347 2507 3716 2590 fragmenta
3796 2507 3881 2572 ad
3946 2529 4062 2572 nos

423 2622 808 2705 'pervenisse
846 2619 1262 2703 paucissima.
1349 2621 1446 2683 Ac
1500 2639 1583 2684 ne
1632 2619 1706 2699 ,in
1766 2619 1893 2684 hoc
1950 2619 2214 2702 quidem
2272 2638 2508 2702 genere
2565 2618 2662 2683 illi
2717 2618 2893 2684 bona
2946 2619 3364 2702 antiquorum
3421 2625 3787 2704 temporum
3850 2640 4063 2684 exem·

434 2734 655 2817 plaria
694 2732 933 2795 imitati
975 2736 1153 2810 sunt,
1213 2730 1328 2796 sed
1387 2731 1592 2795 mixta
1650 2727 1972 2813 quaedam
2020 2752 2261 2814 genera
2306 2730 2900 2809 conformaverunt,
2964 2752 3095 2814 qua
3153 2752 3225 2796 re
3271 2731 3554 2796 efficitur
3611 2738 3683 2796 ut
3738 2731 3823 2795 ad
3866 2752 4065 2797 unam

426 2850 816 2926 certamque
875 2842 1168 2926 regulam
1232 2842 1544 2908 iudicium
1622 2843 1729 2907 vix
1806 2844 2089 2928 dirigere
2150 2844 2383 2927 possis.
2485 2842 2712 2927 Neque
2772 2844 2908 2908 ulla
2967 2844 3104 2909 fere
3162 2851 3374 2909 metra
3441 2845 3826 2910 invenerunt
3897 2864 4065 2909 nova

432 2956 724 3040 exceptis
782 2955 1044 3022 lascivis
1100 2956 1230 3021 illis
1286 2956 1584 3022 versibus
1648 2955 1949 3022 Sotadeis
1963 2956 2022 3041 4)
2098 2961 2162 3021 et
2222 2955 2642 3036 GalliambiS‚
2705 2978 2739 3021 e
2798 2957 3035 3040 quibus
3100 2958 3327 3040 quales
3385 2957 3630 3022 fuerint
3688 2955 3863 3023 illius
3923 2959 4065 3023 aevi

426 3088 649 3133 mores
714 3068 1018 3151 cognosci
1078 3073 1312 3152 potest.
1402 3068 1636 3153 Lyrica
1705 3069 1908 3152 igitur
1974 3069 2158 3153 poesi
2221 3068 2690 3133 Alexandrinos
2751 3069 3084 3134 minimum
3138 3069 3419 3134 valuisse
3473 3070 3889 3154 perspicuum
3947 3076 4064 3146 est,

432 3179 502 3245 id
545 3179 722 3263 quod
763 3200 893 3245 non
954 3180 1191 3245 mirum
1234 3179 1519 3260 videtur,
1580 3180 1821 3264 quippe
1883 3181 2067 3246 cuius
2123 3182 2271 3265 ipsa
2325 3187 2568 3246 natura
2628 3185 2827 3264 atque
2881 3180 3134 3246 indoles
3198 3202 3238 3246 a
3298 3183 3552 3247 ratione
3608 3203 3687 3247 ac
3730 3182 4064 3247 voluntate

433 3289 1040 3357 florentissimorum
1086 3291 1261 3357 illius
1307 3293 1546 3357 aetatis
1590 3293 1986 3377 scriptorum
2040 3313 2450 3377 summopere
2511 3294 2867 3359 abhorreat
2923 3294 3133 3376 iisque
3191 3294 3598 3377 potissimum
3670 3293 4066 3360 carminibus

438 3402 651 3485 prima
697 3423 953 3486 quaque
1001 3405 1344 3469 occasione
1389 3403 1617 3469 oblata
1661 3406 2037 3490 compositis
2085 3405 2521 3486 contineatur,
2582 3427 2751 3489 quae
2811 3405 3080 3470 deorum
3146 3426 3503 3488 regumque
3546 3406 4065 3471 Ptolemaeorum

436 3513 977 3580 celebrandorum
1023 3536 1224 3581 causa
1285 3516 1516 3581 diebus
1568 3516 1756 3582 festis
1814 3519 2081 3583 recitari
2128 3519 2447 3584 solebant.
2534 3518 2715 3583 Inter
2770 3538 2939 3600 quae
2997 3518 3283 3600 insignes
3342 3513 3531 3582 erant
3589 3518 3808 3602 hymni
3875 3515 4067 3582 Calli-

432 3626 668 3706 machi,
717 3627 829 3710 qui
872 3625 1029 3693 licet
1070 3633 1140 3693 et
1178 3628 1305 3711 ipsi
1353 3626 1654 3694 doctrina
1698 3630 2039 3695 maderent
2081 3630 2551 3714 mythologica‚
2619 3634 2838 3694 tamen
2883 3650 3013 3693 non
3059 3629 3263 3694 solum
3311 3630 3378 3692 in
3425 3649 3614 3693 usum
3658 3650 3737 3693 ac
3782 3628 4067 3695 delecta·

428 3738 673 3803 tionem
717 3738 1011 3823 ipsorum
1058 3740 1630 3824 grammaticorum
1674 3763 1817 3807 esse
1862 3741 2123 3807 condita
2180 3740 2517 3820 videntur,
2576 3761 2800 3806 verum
2847 3741 3043 3806 etiam
3089 3761 3166 3805 eo
3208 3741 3477 3806 consilio
3521 3747 3596 3805 ut
3637 3741 3906 3806 mutatis
3950 3762 4066 3805 no-

430 3849 717 3915 minibus
760 3850 1037 3934 gloriam
1081 3851 1603 3920 Ptolemaeorum
1651 3853 1882 3919 diebus
1943 3854 2148 3920 sacris
2192 3853 2500 3919 laudibus
2546 3851 2849 3932 efferent3
2902 3851 3080 3918 velut
3121 3852 3370 3936 primus
3415 3853 3690 3938 hymnus
3744 3856 3865 3934 Εἰς
3909 3857 4068 3934 Δία,

748 4160 796 4228 1)
834 4159 1003 4213 Antb.
1044 4159 1159 4216 Pal.
1195 4161 1318 4215 VII.
1354 4162 1477 4216 460.
1518 4162 1776 4218 Meineke
1809 4163 2008 4217 xxvl.

831 4244 1001 4298 Anth.
1044 4245 1161 4301 Pal.
1199 4247 1321 4302 vll.
1359 4251 1478 4302 459.
1514 4247 1774 4304 Meineke
1807 4248 1955 4305 XVI.

828 4330 998 4385 Anth.
1039 4330 1153 4388 Pal.
1190 4332 1310 4387 vn.
1349 4336 1467 4388 519.
1508 4334 1762 4390 Meineke
1799 4334 1944 4388 XIV.

828 4417 997 4473 Antb.
1036 4417 1151 4475 Pal.
1192 4420 1317 4475 vn.
1355 4422 1475 4475 519.
1518 4421 1772 4476 Meineke
1811 4419 1947 4489 XX„
1985 4421 2132 4489 quod
2168 4437 2289 4476 cum
2326 4423 2471 4478 inter
2506 4430 2687 4477 cetera
2722 4419 2929 4489 pietate
2969 4418 3042 4475 sit
3079 4419 3288 4489 insigne
3325 4418 3414 4474 hic
3451 4423 3837 4489 apposuimus:

1467 4500 1635 4578 Ἠῷοι
1674 4503 2049 4561 Μελάνιππον
2083 4505 2423 4576 ἐθάπτομεν,
2457 4504 2650 4577 ἠελίου
2687 4503 2745 4561 δὲ

1572 4589 1882 4660 δυναμένου
1917 4590 2133 4647 Βασιλαὶ
2171 4592 2424 4648 κάτθανε
2461 4591 2794 4662 παρθενική,

1471 4674 1729 4748 αὖτοχερὶ
1772 4718 1784 4731 .
1825 4675 1988 4744 ζώειν
2022 4676 2129 4749 γὰρ
2168 4674 2441 4748 ἀδελφεόν
2475 4676 2537 4733 ἐν
2573 4680 2708 4748 πυρὶ
2743 4682 2913 4734 θεῖσα

1572 4759 1676 4820 οὐκ
1715 4761 1894 4833 ἔτλη.
1933 4766 2171 4833 δίδυμον
2206 4759 2252 4819 δ’
2291 4762 2445 4828 οἶκος
2481 4762 2662 4833 ἐρεῖδε
2695 4764 2870 4820 κακόν

1468 4848 1683 4919 πατρὸς
1717 4844 2121 4919 Ἆριστίπποιο·
2159 4850 2479 4921 κατήφησεν
2514 4849 2574 4906 δὲ
2613 4850 2849 4920 Κυρήνη

1572 4938 1723 4992 πᾶσα
1760 4935 1861 4992 τόν
1896 4931 2158 4993 εὔτεκνον
2190 4940 2365 5007 χῆρον
2401 4938 2604 4993 ἰδοῦσα
2640 4937 2835 5005 δόμον.

738 5024 799 5091 2)
836 5022 969 5077 Call.
1006 5021 1360 5091 Eleg.f1·.p.
1398 5024 1520 5091 262,
1561 5023 1856 5092 Sophoclis
1891 5024 1996 5078 hac
2031 5023 2192 5077 etiam
2230 5030 2389 5092 parte
2427 5027 2489 5076 ut
2523 5023 2583 5076 in
2619 5022 2740 5077 aliis
2777 5023 2964 5078 multis
3001 5021 3194 5078 similis
3232 5021 3338 5076 fuit
3373 5021 3755 5079 Callimachus.

738 5107 792 5176 3)
829 5108 1512 5178 Quaest.Prop.p.189.

727 5194 795 5260 4)
831 5193 1085 5252 Strabon.
1116 5195 1271 5250 xlv,
1312 5212 1367 5264 p.
1403 5195 1527 5249 468.
1597 5184 1733 5264 ἦρξε
1773 5192 1832 5250 δε
1872 5191 2141 5263 Σωτάδης
2172 5192 2274 5263 μὲν
2308 5196 2535 5264 πρῶτος)
2571 5198 2993 5264 κιναιδολογεῖν.

3561 5284 3593 5334 2
3621 5283 3650 5316 ια
