4716 5842
2427 374 2478 447 4

633 575 760 640 nisi
812 574 1111 640 imitandi
1158 576 1344 658 quasi
1390 575 1599 659 gradu
1643 581 1839 641 antea
1884 577 2240 661 superato?
2327 575 2495 642 Nam
2539 582 2615 642 ιιι
2655 582 2799 643 tota
2841 598 3110 662 genera,
3156 579 3254 645 ita
3296 580 3533 664 singuli
3570 580 3857 664 pendent
3900 602 3980 647 ex
4021 582 4103 647 iis
4146 583 4260 666 qui

634 685 1139 771 praecedebant.
1229 686 1563 752 Summum
1609 693 1830 752 autem
1874 686 2001 752 hoc
2046 693 2171 767 est,
2231 693 2495 771 poetam
2550 688 2655 754 his
2700 690 3279 756 exercitationibus
3318 690 3736 776 perfunctum
3780 698 3847 759 et
3886 693 3955 759 in
3997 714 4068 760 se
4111 694 4259 779 ipso

636 798 924 881 positum
969 818 1139 863 nova
1182 798 1481 884 proferre
1523 797 1743 864 valere
1789 803 1989 882 atque
2032 798 2388 882 ingeniosa.
2477 799 2704 883 Neque
2763 801 2936 866 enim
2992 822 3114 885 pro
3167 801 3642 869 imitationibus
3706 803 4022 871 habemus
4087 827 4258 890 quae

642 909 1030 975 nobilissimi
1072 916 1339 976 nostrae
1384 910 1623 975 aetatis
1652 915 1835 976 vates
1867 911 2131 994 egregia
2162 910 2564 977 Graecorum
2596 917 2664 976 et
2690 911 3133 978 Romanorum
3165 912 3463 998 exempla
3493 916 3702 981 secuti
3728 919 4262 1001 procreaverunt.

636 1021 874 1105 Aliquo
919 1028 1141 1087 tamen
1186 1022 1328 1087 iure
1374 1021 1767 1088 contendere
1813 1022 2045 1107 possis,
2091 1022 2177 1088 ad
2219 1023 2490 1089 nimium
2535 1022 2604 1088 in
2659 1024 2977 1090 imitando
3022 1024 3310 1108 aliquem
3352 1045 3772 1110 progressum
3816 1049 3983 1107 esse,
4044 1028 4131 1109 si,
4187 1029 4257 1095 id

637 1132 812 1216 quod
853 1133 920 1198 in
964 1133 1221 1199 Catullo
1264 1138 1331 1198 et
1374 1132 1833 1199 Alexandrinis
1877 1133 2089 1215 vides,
2151 1134 2479 1200 modicum
2521 1136 2836 1221 temporis
2880 1137 3165 1220 spatium
3207 1135 3380 1202 inter
3423 1137 3822 1222 exemplaria
3864 1144 3931 1205 et
3970 1139 4257 1206 imitato-

634 1266 740 1310 res
782 1244 1189 1326 intercedat;
1236 1266 1432 1328 quam
1477 1266 1615 1311 rem
1658 1245 1745 1311 ad
1786 1250 2025 1330 poetae
2079 1246 2409 1330 ingenium
2453 1246 2873 1313 iudicandum
2918 1253 3117 1332 atque
3157 1247 3650 1333 intelligendum
3692 1249 3871 1316 haud
3893 1250 4069 1317 *levis
4113 1272 4256 1319 esse

632 1355 943 1421 momenti
981 1377 1101 1441 per
1145 1377 1214 1421 se
1256 1363 1461 1441 patet.
1550 1357 1718 1423 Nam
1762 1364 1837 1424 ut
1881 1359 2167 1423 omnium
2213 1380 2383 1442 quae
2428 1359 2652 1424 vivunt
2691 1365 2932 1425 natura
2975 1364 3155 1426 recte
3196 1361 3449 1445 percipi
3507 1361 3861 1446 intelligive
3919 1383 4050 1427 non
4106 1369 4254 1448 pot—

630 1474 748 1548 est,
792 1468 919 1533 nisi
944 1468 1268 1553 quomodo
1306 1476 1472 1550 orta,
1507 1475 1721 1549 aucta,
1752 1470 2004 1536 nutrita
2035 1471 2166 1535 sint
2196 1473 2739 1556 perspexerimus,
2768 1472 2865 1537 ita
2897 1471 2983 1536 ad
3015 1493 3216 1556 opera
3249 1473 3532 1539 cuiusvis
3560 1480 3796 1558 poetae
3824 1474 4256 1542 examinanda

629 1586 1032 1664 compertum
1063 1579 1311 1646 habeas
1341 1586 1619 1666 oportet,
1669 1582 1896 1665 quales
1938 1582 2183 1649 fuerint
2221 1583 2361 1648 eius
2404 1583 2747 1662 institutio,
2794 1582 3155 1667 disciplina,
3198 1585 3441 1669 ingenii
3485 1585 3835 1669 primitiae.
3921 1586 4136 1671 Atque
4181 1594 4255 1654 ut

629 1713 775 1757 cum
820 1691 1075 1757 Catullo
1131 1694 1684 1777 comparationem
1739 1694 2173 1775 instituamus,
2215 1694 2393 1760 haud
2437 1695 2573 1760 scio
2617 1717 2702 1761 an
2759 1696 2979 1780 aptius
3024 1716 3060 1760 e
3110 1695 3350 1761 litteris
3409 1718 3817 1783 summopere
3877 1698 4249 1782 politarum,

631 1804 920 1887 gentium
965 1804 1331 1890 exemplum
1377 1804 1599 1871 afferri
1644 1807 1853 1892 possit
1896 1828 2093 1891 quam
2139 1827 2179 1871 a
2221 1806 2587 1887 Britannia,
2635 1828 2911 1890 quorum
2953 1807 3216 1873 litterae
3262 1806 3671 1891 aequabilius
3718 1811 4249 1895 constantiusque

628 1937 824 1998 quam
855 1922 1121 1982 nostrae
1167 1917 1465 1983 excultae
1512 1923 1664 1983 sunt
1707 1939 1787 1983 ac
1830 1938 2249 2003 progressae3
2311 1919 2666 2002 Georgium
2716 1918 2933 2003 Byron
2979 1917 3126 1984 dico
3146 1969 3161 1999 ‚
3223 1919 3335 2002 qui
3371 1919 3687 1984 Thomam
3745 1920 3968 1987 Moore
4013 1922 4248 1989 Hiber-

625 2050 779 2094 num
830 2035 967 2093 tam
1011 2029 1334 2095 sincerum
1383 2029 1890 2114 diligentemque
1951 2031 2125 2096 vitae
2166 2031 2553 2115 scriptorem
2597 2029 2876 2110 invenit,
2935 2035 3011 2095 ιιι
3050 2052 3133 2096 ne
3175 2030 3508 2097 minimam
3553 2031 3816 2114 quidem
3858 2052 3994 2098 rem
4059 2037 4246 2101 omit-

624 2146 813 2222 teret,
861 2162 1029 2224 quae
1074 2141 1160 2206 ad
1205 2142 1439 2207 summi
1481 2143 1605 2208 viri
1648 2142 1978 2226 ingenium
2022 2143 2284 2226 penitus
2328 2140 2845 2223 cognoscendum
2892 2141 3141 2225 aliquid
3183 2142 3502 2227 proficere
3547 2142 3899 2209 videretur.

933 2253 1247 2319 Videmus
1293 2260 1512 2320 autem
1559 2276 1707 2321 eum
1751 2276 1880 2319 non
1923 2253 2116 2319 modo
2166 2254 2520 2318 Homerum
2567 2252 2958 2339 Aeschylum
3002 2253 3402 2338 Euripidem,
3450 2253 3779 2320 Tibullum
3824 2256 4148 2323 Catullum
4175 2260 4245 2344 ¹),

625 2387 877 2431 summo
920 2366 1138 2431 studio
1182 2366 1508 2433 imitatum
1554 2387 1729 2446 esse,
1790 2387 2014 2431 verum
2059 2366 2282 2445 etiam,
2343 2365 2412 2430 id
2466 2365 2641 2449 quod
2697 2365 2766 2430 in
2826 2384 2902 2430 eo
2960 2367 3073 2448 qui
3110 2365 3519 2450 pulcherima
3575 2365 3691 2430 illa
3752 2368 4043 2433 carmina
4100 2369 4245 2436 Don

620 2478 659 2542 J
664 2499 793 2543 nan
839 2484 907 2543 et
950 2478 1176 2544 Childe
1217 2478 1471 2544 Harold
1515 2478 1896 2562 composuit,
1941 2479 2048 2542 vix
2073 2476 2385 2543 credibile
2431 2499 2571 2543 esse
2601 2477 2877 2558 videtur,
2926 2477 3369 2543 Alexandrum
3413 2477 3608 2562 Pope,
3656 2479 3768 2561 qui
3813 2479 4058 2562 optimo
4102 2482 4245 2546 iure

620 2592 929 2676 princeps
972 2590 1253 2656 habetur
1292 2597 1639 2675 poetarum
1662 2590 1837 2655 illius
1865 2589 2160 2655 sodalicii
2203 2589 2380 2672 quod
2423 2587 2822 2655 Artificial
2868 2589 3148 2654 School
3193 2595 3484 2654 vocatur.
3573 2589 3637 2655 Is
3682 2611 3827 2655 cum
3861 2590 4134 2656 Iliadem
4179 2598 4246 2656 et

623 2702 981 2788 odysseam
1041 2724 1222 2768 suam
1275 2702 1527 2786 anglice
1572 2723 1847 2781 versam,
1894 2722 2026 2785 qua
2067 2722 2339 2785 magnas
2385 2700 2508 2766 sibi
2570 2705 2925 2784 paraverat
2968 2699 3247 2780 divitias,
3295 2701 3580 2766 Ricardo
3625 2700 3898 2787 Bentley
3940 2703 4243 2783 misisset,

620 2821 696 2878 ut
741 2814 898 2897 quid
944 2813 1025 2879 de
1072 2835 1218 2879 suo
1266 2814 1551 2879 Homero
1593 2814 1895 2893 sentiret,
1940 2813 2066 2879 sibi
2104 2813 2536 2889 rescriberet,
2597 2810 3019 2878 memorabile
3071 2812 3226 2879 tulit
3268 2833 3682 2898 responsum:
3771 2818 3874 2890 „It
3916 2819 3970 2878 is
4014 2836 4055 2879 a
4099 2836 4248 2895 very

610 2938 827 3009 pretty
858 2948 1062 3006 poem,
1112 2933 1230 2994 Mr.
1278 2933 1465 3007 Pope,
1510 2932 1615 2992 but
1654 2949 1773 3008 you
1815 2939 1972 2992 must
2014 2938 2117 2991 not
2162 2932 2286 2990 call
2325 2930 2373 2989 it
2417 2929 2704 2990 Homer“.
2796 2926 3114 3005 Quoniam
3170 2926 3374 3008 igitur
3431 2931 3718 3006 constat,
3787 2914 4241 2992 Prometheum

622 3040 805 3105 illum
852 3039 1319 3119 Britannicum,
1367 3061 1559 3122 quem
1601 3039 1810 3124 pluris
1867 3038 2142 3104 facimus
2188 3058 2386 3121 quam
2446 3037 2685 3103 multos
2744 3037 3035 3103 Catullos
3055 3088 3070 3118 ‚
3127 3059 3247 3122 per
3292 3037 3660 3123 complures
3705 3059 3908 3103 annos
3952 3038 4245 3121 vestigiis

622 3152 947 3216 institisse
1004 3151 1241 3216 tantuli
1290 3151 1663 3230 Alexandri,
1711 3157 1928 3236 atque,
1979 3157 2056 3216 ιιι
2115 3171 2149 3214 e
2200 3149 2649 3232 Francogallis
2695 3172 2954 3233 quoque
2997 3157 3065 3215 et
3106 3149 3292 3214 Italis
3336 3149 3703 3232 exemplum
3745 3153 3996 3233 petam,
4044 3152 4241 3216 etiam

622 3285 663 3327 a
706 3262 882 3328 Julio
928 3263 1206 3329 Caesare
1254 3263 1563 3346 Scaliger,
1609 3264 1916 3343 Tassone,
1962 3262 2252 3342 Thuan0,
2298 3253 2672 3340 MontaniO,
2706 3281 2958 3326 summa
3002 3260 3435 3325 admiratione
3481 3260 3727 3325 cultum
3773 3282 3915 3326 esse
3959 3261 4243 3336 Ronsar-

621 3375 820 3455 dium,
868 3395 1060 3458 quem
1100 3374 1354 3441 Galliae
1387 3375 1856 3440 Callimachum
1900 3374 2178 3452 nomino,
2226 3373 2385 3456 quid
2415 3373 2650 3437 mirum
2694 3379 2794 3438 est
2831 3372 3011 3455 quod
3045 3371 3340 3438 Catullus
3379 3372 3630 3438 iuvenis
3675 3393 3756 3437 ex
3784 3371 4244 3439 Alexandrinis

622 3488 1034 3571 maximeque
1077 3509 1157 3552 ex
1203 3487 1599 3552 Callimacho
1642 3485 1885 3570 pendet
1905 3491 1937 3549 ’ἓ

934 3601 1268 3678 Quaenam
1314 3604 1534 3665 autem
1575 3599 1747 3666 inter
1788 3599 2229 3663 Romanorum
2274 3603 2340 3662 et
2372 3598 2772 3662 Graecorum
2808 3596 3063 3663 litteras
3096 3596 3532 3662 intercederet
3572 3597 3743 3661 ratio
3785 3616 3913 3679 quo
3941 3600 4237 3679 tempore

618 3715 786 3778 haec
833 3714 900 3776 in
941 3712 1089 3777 illas
1135 3712 1416 3777 transire
1462 3711 1830 3795 coeperint,
1886 3710 1987 3775 vel
2034 3716 2107 3777 ut
2152 3709 2232 3774 de
2277 3707 2648 3773 hominibus
2696 3707 2945 3788 dicam,
3005 3730 3133 3792 quo
3176 3709 3569 3775 Veronensis
3612 3715 3812 3791 poeta
3856 3727 4002 3772 cum
4048 3708 4240 3792 Cyre-

619 3826 802 3890 nensi
844 3825 1227 3889 coniunctus
1274 3823 1360 3888 sit
1403 3821 1658 3888 vinculo
1679 3873 1694 3902 ,
1739 3822 1904 3887 haec
1963 3823 2060 3887 ita
2117 3822 2479 3905 inquirere,
2531 3825 2605 3885 ut
2661 3826 2726 3885 et
2785 3822 2988 3886 totius
3033 3820 3278 3886 saeculi
3338 3825 3404 3885 et
3447 3819 3847 3902 singulorum
3891 3824 4236 3902 poetarum

617 3937 862 4021 ingenii
905 3935 1188 4001 indolem
1237 3940 1511 4019 specteS,
1556 3955 1857 4018 magnam
1902 3933 2105 3999 habet
2136 3933 2656 3999 delectationem.
2743 3933 2975 4015 Itaque
3018 3933 3191 3997 hanc
3237 3930 3823 4016 quaestiunculam,
3868 3951 4064 4013 quam
4109 3954 4240 3998 non

616 4049 1080 4135 μεμυημένων,
1125 4047 1243 4113 sed
1283 4048 1567 4113 tironum
1596 4048 1811 4130 gratia
1855 4045 2275 4128 suscepimuS‚
2320 4046 2434 4126 ita,
2481 4046 2535 4109 si
2568 4043 2805 4128 placet,
2850 4044 3280 4123 instituemus,
3326 4049 3403 4108 ut
3443 4043 3726 4127 primum
3772 4063 3942 4127 quae
3984 4043 4052 4108 in
4097 4044 4240 4109 uni-

618 4181 877 4225 versum
924 4159 1201 4225 dicenda
1235 4180 1377 4224 esse
1406 4159 1769 4238 videantur,
1817 4157 2049 4223 deinde
2085 4177 2252 4239 quae
2297 4157 2385 4222 ad
2415 4156 2903 4235 Callimachum,
2940 4161 3272 4240 postremo
3319 4175 3489 4239 quae
3535 4155 3619 4220 ad
3667 4154 3993 4221 Catullum
4037 4154 4239 4238 perti-

618 4277 820 4337 neant
864 4271 1287 4355 disputemus.
1329 4309 1416 4319 --

927 4385 1161 4448 Restat
1197 4389 1271 4448 ut
1305 4403 1817 4462 commemorem,
1864 4382 2100 4464 quibus
2126 4380 2406 4445 maxime
2446 4380 2709 4462 scriptis
2738 4385 3004 4464 praeter
3046 4400 3349 4464 maguam
3390 4377 3921 4445 dissertationum
3965 4376 4238 4459 copiam,

621 4516 786 4577 quas
832 4516 1219 4561 enumerare
1262 4494 1525 4578 longum
1572 4499 1689 4573 est,
1733 4493 1820 4558 ad
1863 4513 1997 4558 rem
2045 4498 2336 4558 nostram
2380 4492 2829 4575 spectantibus
2875 4512 3145 4576 operam
3191 4490 3514 4557 dederim:

824 4607 935 4673 Ch.
985 4606 1061 4672 G.
1106 4607 1350 4692 Heyne,
1396 4605 1493 4671 De
1539 4607 1727 4688 genio
1774 4604 2019 4670 saeculi
2060 4603 2600 4669 Ptolemaeorum.
2689 4602 2923 4685 Opusc.
2971 4603 3092 4668 vol.
3137 4603 3186 4667 I.
3232 4623 3294 4685 p.
3332 4607 3412 4666 76
3428 4623 3567 4684 sqq.

825 4720 892 4782 L.
936 4719 1001 4784 C.
1049 4719 1483 4796 Valckenaer,
1546 4715 1924 4782 Callimachi
1971 4715 2326 4799 elegiarum
2370 4715 2740 4797 fragmenta
2798 4734 2946 4777 cum
3006 4712 3235 4796 Elegia
3296 4712 3536 4778 Catulli
3591 4712 4054 4791 Callimachea,
4121 4710 4237 4775 ed:

820 4830 967 4895 Joh.
1014 4830 1230 4897 Lusac
1272 4829 1476 4914 Lugd.
1522 4829 1666 4894 Bat.
1720 4834 1905 4895 1799.

702 4957 747 4964 ,Α
814 4957 911 4962 -‚-—

930 5004 977 5069 1)
1018 5000 1500 5056 Praestantissima
1533 5000 1671 5056 haec
1706 5010 1861 5056 sunt:
1896 4999 2080 5055 Hours
2117 4999 2179 5054 of
2210 4998 2488 5066 Idleness,
2536 4996 2715 5066 Equal
2770 5004 2826 5050 to
2881 4996 3018 5052 Jove
3068 4996 3190 5052 that
3240 4997 3408 5067 youth
3445 5005 3590 5051 must
3623 4997 3694 5051 be
3731 5004 3834 5052 etc.
3874 4995 3930 5048 C.
3968 4992 4060 5046 LI.
4131 4991 4239 5046 Ille

614 5088 688 5143 mi
726 5104 828 5158 par
864 5103 983 5143 esse
1019 5087 1122 5141 deo
1159 5086 1388 5142 videtur.
1428 5117 1492 5127 —
1530 5087 1643 5143 Oh!
1681 5086 1854 5157 might
1888 5086 1919 5139 J
1960 5086 2077 5141 kiss
2112 5086 2269 5141 those
2307 5101 2435 5155 eyes
2473 5083 2533 5139 of
2563 5083 2662 5140 fire
2700 5091 2802 5142 etc.
2844 5085 2901 5137 C.
2938 5082 3062 5137 vn.
3135 5081 3368 5150 Quaeris
3420 5093 3556 5152 quot
3605 5082 3736 5136 mihi
3776 5078 4128 5135 basiationes.
4170 5108 4234 5116 —

612 5174 693 5228 Ye
733 5174 964 5244 Cupide,
1002 5173 1177 5242 droop
1216 5173 1354 5227 each
1390 5174 1532 5229 little
1569 5173 1730 5229 head.
1769 5182 1874 5229 etc.
1917 5172 1974 5228 C.
2005 5173 2102 5227 111.
2175 5172 2404 5241 Lugete,
2442 5186 2475 5226 o
2513 5169 2759 5227 Veneres
2798 5168 3222 5241 Cupidinesque.
