4716 5842
2422 385 2588 495 16-

652 586 739 650 tis
785 586 919 650 suis
963 592 1242 668 spectat,
1301 591 1375 650 ut
1434 586 1739 651 reducem
1804 585 1894 649 dii
1938 586 2090 650 boni
2146 608 2290 651 eum
2348 587 2595 653 faciant
2655 588 3060 653 incolumem.
3152 591 3507 668 Quominus
3552 596 3772 656 autem
3813 593 4122 659 misereat
4167 615 4284 658 nos

654 697 1076 762 mulierculae
1152 698 1469 779 legenteS,
1550 697 1855 781 prohibet
1933 718 2208 779 magnus
2282 698 2391 763 ille
2461 699 2797 764 doctrinae
2874 706 3071 783 atque
3134 704 3605 767 sententiarum
3694 710 4081 788 apparatuS,
4151 726 4280 788 quo

654 830 875 875 omnes
949 809 1147 873 animi
1211 809 1743 892 perturbationes
1802 808 1991 874 obrui
2053 809 2354 874 videntur
2423 816 2623 893 atque
2691 810 3085 894 refrigerari.
3183 813 3457 878 Accedit
3513 815 3689 898 quod
3746 822 4006 899 poetam
4068 817 4281 899 ipsum

652 943 777 987 non
847 942 989 986 esse
1055 920 1269 985 animo
1352 928 1743 986 commotum
1819 928 1933 985 aut
2004 920 2349 987 affectibus
2417 921 2822 1004 perculsum,
2896 922 3008 987 sed
3078 930 3152 988 ut
3226 945 3426 1007 supra
3501 925 3862 1009 disputavi,
3935 927 4276 995 subridere

650 1039 945 1117 apparet.
1036 1032 1271 1097 Latent
1315 1039 1662 1115 praeterea
1720 1032 1841 1097 sub
1903 1038 2041 1097 toto
2087 1054 2256 1116 quae
2314 1055 2387 1099 re
2446 1054 2600 1099 vera
2647 1040 2832 1116 gesta
2872 1041 3054 1113 sunt,
3116 1057 3324 1119 eaque
3369 1035 3772 1118 foedissime,
3836 1041 4025 1123 pravi
4068 1040 4279 1105 Ptole-

649 1166 981 1210 maeorum
1028 1164 1258 1222 mores,
1302 1144 1650 1208 intestinae
1696 1144 1932 1209 turbae
1978 1166 2057 1209 ac
2084 1145 2454 1223 seditioneS,
2501 1146 2915 1229 turpissimae
2952 1148 3466 1232 propinquorum
3511 1148 3764 1227 caedeS,
3809 1150 4088 1233 denique
4116 1151 4279 1217 haec

646 1258 1054 1341 potissimum
1105 1276 1211 1320 res
1266 1255 1441 1338 quod
1486 1255 1857 1339 Euergeten
1913 1277 2040 1321 non
2087 1263 2351 1340 captum
2415 1277 2662 1333 amore,
2722 1258 2839 1323 sed
2900 1259 3301 1343 reipublicae
3364 1281 3563 1326 causa
3617 1260 3976 1326 Berenicen
4019 1262 4281 1329 duxisse

647 1369 808 1433 satis
867 1374 1124 1432 constat
1142 1368 1210 1450 1).
1310 1367 1447 1432 Iam
1493 1388 1645 1432 vero
1708 1388 1945 1432 novum
1989 1389 2227 1433 numen
2281 1370 2452 1433 inter
2514 1369 2733 1435 sidera
2787 1370 3070 1436 relatum
3116 1372 3376 1437 sibimet
3436 1372 3650 1456 ipsum
3708 1374 4071 1439 custodiam
4131 1375 4279 1459 puri

647 1480 943 1561 castique
986 1479 1269 1562 coniugii
1316 1478 1669 1558 vindicans,
1717 1479 2116 1547 adulterium
2151 1480 2537 1557 detestatur,
2583 1482 2754 1546 sicut
2799 1482 2864 1545 in
2912 1482 3351 1566 epithalamiis
3383 1483 3711 1550 interdum
3754 1485 3847 1565 fit,
3893 1506 4279 1570 omnemque

647 1597 800 1656 ante
846 1591 1292 1675 Hymenaeum
1353 1592 1686 1656 Venerem.
1786 1590 2067 1657 Maxime
2138 1598 2357 1656 autem
2389 1642 2392 1647 ⁴
2419 1593 2486 1657 in
2543 1593 2831 1658 carmine
2885 1594 3061 1676 quod
3118 1596 3411 1661 castitati
3470 1598 3923 1680 patrocinatur
3976 1599 4279 1682 quodque

648 1702 912 1785 reginae
960 1703 1148 1767 modo
1187 1708 1431 1786 nuptae
1478 1702 1771 1768 oblatum
1815 1704 2296 1787 recitatumque
2342 1705 2441 1768 vel
2488 1705 2572 1770 ab
2619 1706 2763 1789 ipsa
2804 1704 3165 1788 perlectum
3211 1713 3330 1786 est,
3376 1708 3567 1773 nimis
3612 1708 4001 1775 offendimur
4045 1718 4278 1794 poetae

648 1816 825 1878 circa
871 1814 1125 1897 singula
1168 1814 1501 1879 haerentis
1546 1814 1848 1893 lascivia',
1897 1836 2065 1897 quae
2113 1822 2250 1880 tam
2291 1816 2425 1882 late
2469 1821 2689 1901 patet,
2751 1826 2823 1882 ut
2881 1817 3060 1883 haud
3104 1819 3325 1900 inepte
3367 1820 3662 1885 conicere
3706 1823 3919 1905 possis
3960 1822 4079 1887 hos
4125 1842 4279 1905 poe·

645 1927 839 1991 matis
888 1947 1111 1991 versus
1157 1947 1283 1989 non
1330 1948 1369 1989 a
1411 1925 1912 1991 bibliothecario
1958 1928 2140 2010 regio
2186 1928 2513 2003 confictos,
2559 1927 2675 1992 sed
2718 1927 2801 1991 ab
2847 1929 2991 2012 ipso
3022 1928 3286 1995 Clodiae
3311 1930 3610 1996 adultero
3655 1952 3796 1997 esse
3827 1932 4274 2017 interpolatos

646 2034 789 2102 Hoc
822 2045 998 2102 certe
1044 2059 1123 2103 ex
1159 2038 1287 2103 illis
1319 2039 1750 2121 cognoscitur,
1784 2045 2189 2122 quantopere
2235 2040 2281 2104 ii
2319 2040 2430 2121 qui
2454 2038 2710 2103 litteras
2742 2038 3030 2106 Graecas
3066 2048 3204 2106 tum
3250 2042 3578 2121 colebant,
3629 2044 3885 2109 etiamsi
3928 2046 4279 2110 maximam

644 2155 901 2234 partem
947 2150 1119 2214 viros
1166 2150 1392 2215 doctos
1434 2171 1514 2214 ac
1556 2149 1807 2215 ieiunos
1851 2150 2051 2215 fuisse
2092 2157 2320 2214 notum
2367 2156 2497 2228 est,
2565 2156 2784 2214 tamen
2833 2153 3147 2235 temporis
3210 2153 3451 2236 ingenii
3503 2161 3703 2239 atque
3770 2155 4278 2239 depravatorum

645 2284 897 2328 morum
945 2263 1262 2327 rationem
1308 2261 1571 2326 duxisse
1614 2261 1979 2325 videantur.

954 2373 1183 2438 Nonne
1228 2374 1398 2438 enim
1444 2373 1621 2456 ipsas
1661 2394 1825 2455 quas
1883 2373 2083 2437 Coma
2143 2373 2210 2437 in
2256 2372 2592 2438 adulteros
2633 2374 2841 2438 iactat
2887 2373 3096 2438 minas
3149 2373 3374 2456 magis.
3418 2374 3635 2439 iocose
3699 2396 3894 2457 quam
3943 2380 4114 2444 serio
4159 2390 4276 2445 aut

645 2508 795 2551 vere
841 2486 1017 2550 dicta
1066 2506 1224 2564 esse,
1271 2485 1484 2550 elucet
1528 2506 1563 2550 e
1606 2504 1852 2568 poena,
1914 2505 2111 2566 quam
2168 2485 2482 2568 impudici
2546 2485 2827 2550 dabunt:
2888 2507 3036 2550 nam
3100 2505 3310 2570 neque
3360 2506 3588 2569 preces
3649 2507 3857 2568 neque
3919 2486 4276 2554 libamenta

646 2619 871 2663 eorum
916 2621 985 2663 se
1033 2618 1173 2663 esse
1219 2603 1637 2680 accepturam
1683 2596 1999 2674 minatur,
2047 2596 2164 2661 sed
2218 2596 2415 2676 mala,
2462 2597 2690 2679 inquit,
2749 2596 2864 2660 illa
2919 2597 3090 2661 dona
3131 2596 3292 2661 levis
3338 2597 3549 2681 pulvis
3591 2596 3779 2662 bibat
3799 2598 3871 2681 2).
3959 2598 4275 2681 Denique,

646 2711 823 2792 quod
857 2710 1032 2775 haud
1077 2709 1237 2775 levis
1284 2716 1383 2774 est
1424 2709 1753 2787 momenti,
1797 2714 1995 2792 poeta
2039 2709 2227 2787 cavit,
2270 2730 2350 2773 ne
2398 2728 2544 2772 cum
2587 2728 2837 2773 morum
2881 2709 3327 2791 integritatem
3373 2708 3769 2787 defenderet,
3817 2709 3904 2774 ad
3945 2709 4118 2774 viros
4162 2716 4279 2774 aut

644 2822 1005 2905 principes,
1052 2821 1466 2886 Maecenates
1512 2842 1695 2899 suos,
1743 2841 1813 2884 se
1859 2826 2286 2885 converteret.
2379 2819 2549 2884 Sane
2593 2826 2746 2884 ante
2797 2827 3080 2886 aetatem
3131 2819 3616 2886 Macedonicam
3673 2842 3861 2886 nemo
3904 2827 4102 2904 poeta
4149 2820 4279 2886 ele·

645 2935 869 3018 giacus
907 2941 1273 2999 matronam
1316 2934 1417 2997 vel
1450 2932 1737 3017 puellam
1768 2931 2091 2997 allocutus
2130 2933 2227 2998 ita
2273 2933 2528 2999 libidini
2564 2932 2901 3016 indulgere
2943 2954 3143 2998 ausus
3186 2941 3284 2999 est
3333 2940 3404 2997 nt
3450 2933 3742 2999 Catullus
3777 2933 4069 3010 Lesbiae,
4115 2933 4275 2998 Pro-

644 3047 896 3131 pertius
943 3046 1257 3130 Cynthiae
1302 3046 1590 3109 amator!

956 3157 1199 3237 Quodsi
1245 3158 1393 3221 miri
1454 3156 1648 3222 huius
1693 3157 2015 3240 poematis
2077 3157 2290 3222 fontes
2352 3165 2421 3222 et
2469 3163 2923 3241 argumentum
2984 3178 3369 3240 omnemque
3415 3159 3735 3222 rationem
3780 3157 4017 3221 iterum
4063 3157 4279 3221 animo

644 3270 1084 3354 reputaveris,
1143 3290 1300 3334 vera
1366 3269 1487 3332 tibi
1548 3269 1752 3334 totius
1804 3267 2286 3334 Alexandrinae
2328 3289 2600 3352 poeseos
2644 3270 2860 3350 imago
2903 3270 2976 3346 in
3013 3289 3144 3333 uno
3191 3268 3509 3345 carmine,
3571 3267 3741 3332 sicut
3784 3268 3851 3331 in
3895 3268 4039 3351 ipso
4086 3267 4279 3333 Calli·

643 3383 909 3458 macho,
972 3382 1265 3466 principe
1312 3380 1937 3458 Alexandrinorum,
2001 3380 2162 3444 vitia
2208 3386 2273 3444 et
2318 3380 2626 3457 virtutes,
2690 3378 2908 3462 effingi
2953 3378 3222 3446 videbis.
3314 3379 3497 3444 Licet
3562 3380 3732 3444 enim
3790 3399 3872 3443 ne
3920 3378 4086 3444 haec
4132 3380 4276 3462 qui·

644 3495 789 3559 dem
838 3493 1076 3576 elegia,
1143 3493 1464 3575 siquidem
1533 3512 1609 3557 eo
1668 3492 1925 3556 nomine
1979 3512 2242 3556 carmen
2287 3490 2553 3573 dignum
2600 3496 2731 3570 est,
2794 3490 3118 3574 politioris
3161 3493 3325 3556 artis
3369 3490 3723 3556 luminibus
3760 3497 4015 3568 careat,
4060 3496 4281 3556 tamen

646 3607 844 3670 animi
893 3627 1044 3671 vere
1090 3605 1328 3688 poetici
1377 3603 1698 3669 fervorem
1746 3603 1989 3686 ubique
2055 3603 2534 3684 desideramus3
2595 3608 2945 3687 propterea
2990 3602 3166 3685 quod
3209 3604 3408 3668 etiam
3452 3603 4000 3687 praestantissimi
4043 3609 4278 3687 poetae

645 3717 890 3783 saeculi
937 3716 1112 3799 quod
1157 3716 1242 3781 ad
1290 3716 1620 3781 deteriora
1662 3715 1992 3797 vergebat,
2039 3737 2238 3780 unam
2286 3722 2466 3780 certe
2515 3714 2898 3780 facultatem
2943 3735 3212 3799 prorsus
3258 3716 3612 3781 amiserant
3652 3735 3925 3796 eamque
3975 3714 4280 3797 gravissi·

642 3851 852 3894 mam:
901 3849 1180 3911 namque
1227 3849 1305 3892 ea
1347 3848 1514 3910 quae
1562 3827 1961 3910 singulorum
2006 3827 2338 3892 hominum
2383 3828 2654 3911 propria
2702 3833 2852 3892 sunt
2897 3828 3092 3906 vitia,
3147 3829 3453 3904 virtutes,
3504 3827 3868 3891 animorum
3930 3825 4279 3909 perturba-

642 3942 854 4006 tiones
895 3941 989 4005 ita
1033 3942 1322 4023 cogitare
1367 3946 1567 4022 atque
1612 3938 2040 4016 adumbrare,
2086 3945 2161 4003 ut
2203 3940 2271 4003 in
2314 3939 2460 4022 ipsa
2502 3945 2772 4023 pectora
2820 3959 3045 4003 eorum
3086 3940 3197 4020 qui
3241 3936 3517 4003 audiunt
3559 3936 3663 4001 vel
3706 3936 3966 4020 legunt,
4010 3937 4278 4003 descen-

643 4050 892 4132 derent,
938 4073 1067 4117 non
1109 4051 1369 4116 illorum
1413 4051 1554 4115 fuit.
1647 4050 1817 4130 Quid
1861 4050 2063 4133 igitur
2104 4051 2372 4130 mirum,
2440 4050 2615 4133 quod
2658 4048 2985 4118 interdum
3047 4050 3116 4114 in
3161 4053 3546 4133 argumenta
3582 4048 3879 4114 incidunt
3913 4070 4042 4114 non
4086 4047 4279 4114 modo

644 4162 883 4247 frigida
928 4169 1127 4246 atque
1172 4162 1471 4247 insipida,
1533 4163 1649 4228 sed
1698 4163 1897 4227 etiam
1942 4183 2020 4227 ea
2067 4182 2235 4244 quae
2279 4184 2319 4227 a
2367 4169 2606 4228 natura
2650 4162 2936 4227 humana
2977 4161 3172 4245 plane
3209 4160 3653 4226 abhorreant?
3744 4161 4018 4227 Omnino
4062 4165 4280 4225 antem

643 4275 769 4340 hoc
813 4275 1160 4341 dolendum
1209 4296 1349 4341 esse
1392 4274 1550 4339 mihi
1595 4275 1873 4352 videtur,
1941 4273 2118 4356 quod
2165 4274 2402 4338 Graeci
2482 4295 2610 4357 quo
2665 4279 2961 4357 tempore
3022 4273 3261 4356 ingenii
3321 4274 3563 4357 poetici
3625 4273 3795 4339 vires
3838 4274 3970 4338 iam
4012 4271 4280 4354 langue·

643 4408 825 4453 scere
870 4408 951 4452 ac
994 4407 1201 4471 paene
1248 4386 1607 4452 exhaustae
1649 4407 1792 4451 esse
1834 4386 2229 4464 viderentur,
2277 4386 2469 4464 omni,
2515 4391 2590 4450 ut
2634 4386 2730 4449 ita
2776 4385 3007 4463 dicam,
3054 4384 3301 4470 pabulo
3346 4384 3851 4468 adiumentoque
3904 4383 3988 4449 ab
4036 4383 4279 4447 exteris

645 4499 948 4582 gentibus
979 4497 1261 4583 petendo
1293 4497 1624 4563 carebant.
1713 4497 1941 4581 Neque
1985 4499 2157 4563 enim
2187 4518 2474 4581 unquam
2523 4502 2887 4562 ceterorum
2930 4497 3323 4581 populorum
3365 4496 3623 4562 litteras
3664 4497 4047 4580 linguasque
4092 4515 4281 4560 cura·

644 4615 894 4690 verunt,
939 4610 1008 4676 id
1051 4609 1227 4694 quod
1269 4610 1582 4693 quamdiu
1629 4615 2042 4694 optumarum
2089 4609 2328 4674 artium
2392 4608 2551 4674 flore
2616 4629 2837 4674 omnes
2882 4608 3318 4693 superabant,
3381 4614 3558 4673 certe
3616 4609 3879 4692 impune
3937 4606 4156 4672 facere
4199 4606 4279 4671 iis

957 4921 1005 4985 1)
1042 4919 1288 4988 Hyginus
1325 4921 1623 4976 Astronon.
1665 4918 1738 4988 11,
1774 4920 1844 4971 24
1896 4922 2086 4972 narrat
2145 4917 2448 4972 Berenicen
2511 4917 2805 4972 exercitum
2860 4933 2889 4971 e
2942 4918 3153 4986 proelio
3209 4916 3507 4987 fugientem
3558 4919 3897 4987 repressisse
3932 4922 3988 4972 et
4028 4916 4170 4984 patri
4209 4915 4284 4968 vi·

645 5012 756 5060 tam
794 5019 1078 5072 servasse;
1113 5005 1339 5073 propius
1377 5012 1558 5060 autem
1593 5005 1865 5072 Justinus,
1900 5002 2101 5071 XXVI,
2138 5006 2190 5071 3,
2224 5004 2294 5058 ad
2332 5019 2517 5058 verum
2556 5004 2820 5058 accedere
2857 5002 3087 5072 videtur,
3126 5004 3221 5073 qui
3238 5003 3540 5074 Demetrio,
3578 5004 3921 5060 Poliorcetae
3955 5000 4086 5069 filio,
4123 5001 4286 5056 Bere·

646 5092 767 5148 nice
804 5090 1100 5146 adiuvante
1133 5090 1201 5144 de
1236 5090 1411 5146 medio
1449 5091 1671 5146 sublato
1712 5090 2079 5146 Ptolemaeum
2119 5106 2238 5144 eam
2275 5092 2331 5145 in
2371 5089 2776 5144 matrimonium
2817 5089 3039 5145 duxisse
3076 5090 3265 5146 tradit.

957 5181 1009 5244 2)
1047 5176 1111 5231 V.
1148 5179 1233 5231 85.
1584 5175 1589 5180 ’
