4716 5842
2419 308 2513 381 10

644 513 738 577 ita
788 511 1020 591 dicam,
1068 512 1503 595 principatum
1536 512 1852 577 sermonis
1900 518 2099 594 atque
2131 532 2423 595 poeseos,
2469 512 2712 596 quippe
2753 535 2945 596 quem
2993 536 3121 581 non
3164 517 3357 581 modo
3402 538 3591 600 reges
3621 519 3886 583 summis
3913 518 4278 584 honoribus

646 623 1004 703 afficerent,
1050 646 1275 689 verum
1318 625 1547 702 etiam,
1596 623 1770 705 quod
1816 622 2021 688 multo
2067 624 2330 706 gravius
2374 630 2503 702 est,
2563 624 3064 706 ingeniosissimi
3112 627 3368 693 Galliae
3416 636 3483 693 et
3527 630 3759 695 Italiae
3805 630 4096 696 homines
4140 632 4268 696 sin·

645 737 855 820 gulari
907 738 1196 802 colerent
1240 736 1690 801 admiratione.
1783 736 2086 800 Attamen
2134 734 2420 819 plurima
2477 736 2616 800 eius
2679 736 2969 801 carmina
3030 737 3274 821 frigida
3318 741 3639 824 nimisque
3684 742 4039 808 artificiosa
4079 743 4270 808 nobis

643 849 978 929 videnum,
1044 871 1188 914 cum
1242 866 1471 913 rursus
1529 846 1778 930 elegiae
1835 848 2006 927 01118,
2075 847 2303 931 quales
2361 846 2619 929 fingunt
2687 848 3172 915 Franco-Galli
3234 856 3302 915 et
3375 852 3730 935 Epicurea,
3796 874 3964 936 quae
4026 854 4272 933 dicunt,

645 961 933 1026 carmina
961 961 1285 1027 suavitate
1325 966 1524 1042 atque
1557 958 1972 1043 simplicitate
2001 981 2119 1025 nos
2151 959 2497 1025 delectant.
2587 960 2834 1025 Eodem
2877 962 3043 1027 miro
3079 962 3272 1028 modo
3288 964 3463 1030 inter
3507 985 3575 1029 se
3611 964 4005 1048 discrepant,
4051 966 4268 1049 quoad

640 1073 833 1138 hodie
895 1072 1187 1137 iudicare
1246 1071 1431 1150 licet,
1496 1074 1818 1158 Κυδίππη
1876 1072 2399 1137 venustissimum
2463 1071 2844 1137 Callimachi
2915 1074 3229 1160 epyllion,
3293 1082 3359 1141 et
3418 1076 3708 1160 ineptum
3768 1098 4029 1142 carmen
4091 1078 4272 1161 quod

640 1185 1020 1251 inscribitur
1049 1174 1226 1270 Ἰβις.

951 1296 1251 1361 Ceterum
1297 1296 1733 1361 Callimachus
1792 1295 1966 1378 quod
2010 1296 2282 1377 triginta
2327 1294 2464 1361 fere
2520 1318 2725 1362 annos
2777 1307 2971 1365 natus
3030 1306 3380 1385 postquam
3435 1302 3568 1366 iam
3609 1299 3816 1367 multa
3861 1302 4278 1385 conscripsit,

640 1409 887 1473 aditum
947 1408 1033 1473 ad
1090 1408 1309 1473 aulam
1364 1408 1887 1473 Ptolemaeorum
1932 1407 2057 1472 sibi
2102 1406 2445 1491 patefecit,
2501 1415 2566 1473 et
2619 1410 2838 1492 paullo
2899 1417 3050 1494 post
3091 1412 3318 1479 Museo
3363 1415 3779 1498 praepositus
3831 1414 4058 1497 suique
4103 1414 4272 1478 iuris

640 1520 851 1584 factus
897 1527 1026 1598 est,
1075 1522 1306 1584 summi
1354 1519 1553 1584 fuisse
1598 1520 1907 1584 momenti
1963 1519 2048 1584 ad
2091 1520 2260 1583 viam
2308 1542 2502 1602 quam
2548 1520 2673 1585 1100
2733 1543 2811 1586 ex
2871 1529 3163 1607 tempore
3225 1525 3558 1607 ingressus
3604 1533 3728 1603 est,
3772 1548 3892 1610 per
3935 1547 4004 1591 se
4062 1531 4268 1609 patet.

642 1632 935 1715 Namque
980 1633 1422 1716 amplissimae
1454 1631 1902 1696 Bibliothecae
1950 1652 2106 1715 opes
2149 1632 2427 1715 impigro
2474 1633 2614 1698 eius
2657 1634 2914 1717 ingenio
2945 1635 3273 1717 animique
3320 1638 3651 1702 sollertiae
3688 1639 4030 1703 materiam
4076 1659 4268 1721 prae·

637 1744 922 1809 buerunt
960 1745 1313 1808 maximam
1358 1750 1425 1807 et
1484 1743 1569 1806 ad
1610 1749 1865 1807 tantum
1910 1743 2300 1827 procreandi
2360 1744 2646 1809 studium
2705 1747 3129 1829 impulerunt,
3193 1753 3296 1825 ut,
3368 1748 3491 1811 etsi
3537 1769 3834 1831 operum,
3876 1771 4044 1832 quae
4092 1772 4265 1814 com-

638 1857 929 1939 posuisse
975 1854 1202 1933 fertur,
1248 1876 1554 1919 numerus
1596 1855 1863 1919 nimium
1897 1862 2128 1920 auctus
2163 1876 2305 1920 esse
2338 1856 2612 1933 videtur,
2659 1858 2942 1921 omnium
2983 1879 3147 1941 quos
3183 1880 3472 1942 unquam
3511 1858 3712 1924 fuisse
3758 1861 3998 1927 scimus
4029 1862 4266 1927 biblio-

636 1967 1077 2031 thecariorum
1125 1967 1433 2032 existeret
1477 1966 2110 2053 πολυγραφώτατος.

948 2080 1128 2144 Inter
1173 2100 1413 2163 parvas
1445 2078 1919 2144 Callimacheae
1951 2099 2224 2162 poeseos
2258 2078 2589 2159 reliquiaS‚
2636 2099 2800 2159 quas
2845 2087 2912 2142 et
2956 2082 3133 2163 ipsas
3179 2083 3308 2145 vim
3347 2104 3531 2147 suam
3575 2085 3643 2147 in
3684 2085 3922 2148 litteris
3953 2084 4264 2150 Romanis

640 2193 1009 2257 exercuisse
1056 2197 1329 2269 constat,
1375 2198 1602 2256 extant
1648 2192 1842 2256 etiam
1891 2192 2394 2273 epigrammata,
2462 2211 2630 2272 quae
2678 2192 2972 2272 quamvis
3017 2190 3196 2254 haud
3240 2191 3458 2272 ampla
3517 2194 3678 2268 sint,
3745 2202 3818 2258 ut
3879 2197 4009 2260 fert
4067 2198 4262 2262 huius

639 2306 894 2388 generis
938 2313 1192 2383 natura,
1241 2310 1461 2368 tamen
1509 2305 1670 2368 satis
1714 2304 1898 2367 varia
1940 2301 2189 2366 habeut
2228 2309 2631 2385 argumenta,
2662 2322 2873 2385 neque
2919 2322 3039 2386 ego
3081 2301 3342 2386 quidem
3386 2301 3452 2365 in
3484 2308 4061 2385 praestantissimis
4105 2309 4263 2372 Bat-

638 2417 856 2482 tiadae
901 2416 1207 2501 operibus
1252 2439 1330 2481 ea
1354 2436 1697 2481 numerare
1741 2415 2049 2491 dubitem,
2101 2436 2243 2478 cum
2278 2417 2666 2497 praesertim
2713 2415 2891 2479 haud
2925 2435 3141 2498 pauca
3187 2416 3318 2479 sint
3359 2434 3488 2478 non
3533 2414 3781 2478 insulsa
3811 2413 4259 2496 lepidissimis-

638 2552 763 2612 que
807 2528 1063 2594 facetiis
1108 2530 1402 2612 insignia.
1496 2528 1796 2592 Ceterum
1842 2527 2014 2591 idem
2063 2526 2236 2590 valet
2291 2528 2357 2590 in
2416 2527 2692 2591 aliorum
2751 2532 3097 2609 poetarum
3161 2526 3748 2591 Alexandrinorum
3794 2546 3956 2609 quos
3997 2526 4258 2609 quidem

638 2643 929 2705 novimus
976 2643 1450 2725 epigrammata
1495 2642 1672 2705 velut
1720 2639 2153 2723 Asclepiadis,
2202 2644 2267 2702 et
2309 2640 2377 2702 in
2425 2659 2503 2702 ea
2566 2659 2734 2721 quae
2779 2637 3110 2702 Theocriti
3157 2645 3354 2721 atque
3401 2638 3758 2702 Alexandri
3804 2638 4014 2702 Aetoli
4058 2638 4259 2701 nomi-

638 2754 827 2817 nibus
886 2754 1448 2818 circumferuntur.
1542 2755 1755 2834 Atque
1815 2751 2070 2815 omnino
2134 2750 2483 2833 plurimum
2549 2750 2904 2834 profecisse
2960 2751 3027 2814 in
3085 2750 3211 2814 1100
3270 2750 3678 2834 1101188111111111
3738 2770 3973 2832 genere
4035 2749 4262 2812 doctos

635 2866 781 2930 illos
830 2867 1003 2931 viros
1056 2872 1362 2950 apparet,
1429 2885 1592 2948 quos
1655 2885 1800 2929 cum
1847 2862 2272 2946 amplioribus
2332 2864 2653 2947 poematis
2717 2883 2983 2948 operam
3045 2863 3279 2928 darent
3324 2863 3594 2946 spiritus
3641 2880 4107 2945 saepenumero
4154 2860 4264 2924 de·
4331 2902 4342 2911 ·

638 2978 867 3043 fecisse
898 2980 1169 3043 videtur.
1259 2978 1359 3041 Ex
1389 2977 1875 3061 epigrammatis
1922 2983 2140 3041 autem
2173 2977 2389 3041 verius
2435 2997 2631 3059 quam
2672 2997 2752 3039 ex
2797 2976 2944 3041 aliis
2991 2977 3298 3059 operibus
3343 2982 3582 3040 natura
3632 2982 3830 3056 atque
3875 2974 4045 3037 ratio
4089 2973 4263 3038 illius

636 3091 872 3155 aetatis
920 3091 1096 3155 cerni
1140 3097 1396 3173 potest3
1456 3110 1736 3172 namque
1800 3089 2042 3170 elogia,
2102 3087 2369 3152 tabulae
2414 3088 2688 3166 votivae,
2751 3088 2970 3152 faceta
3012 3089 3286 3166 iudicia,
3334 3088 3624 3150 carmina
3667 3086 4038 3149 adulatoria
4081 3086 4264 3149 vario

633 3203 888 3285 agmine
933 3224 1052 3285 per
1097 3223 1213 3266 ora
1256 3208 1484 3266 nostra
1514 3201 1838 3277 incedunt,
1895 3221 2023 3282 quo
2066 3205 2206 3263 toto
2252 3201 2319 3262 in
2356 3221 2590 3280 genere
2625 3201 3026 3282 CyrenensiS,
3073 3198 3182 3280 qui
3231 3205 3296 3262 et
3326 3199 3452 3262 1100
3494 3198 3558 3261 111
3606 3218 3676 3261 10
3712 3197 4044 3261 saeculum
4077 3219 4262 3262 suum

634 3314 986 3398 expressit,
1048 3315 1242 3379 facile
1302 3314 1606 3397 princeps
1670 3311 2112 3376 aestimandus
2167 3317 2282 3374 est.
2374 3311 2513 3390 Quo
2559 3308 2806 3375 factum
2864 3316 2965 3375 est
3018 3317 3092 3375 ut
3131 3312 3340 3394 magis
3383 3311 3722 3392 magisque
3761 3309 3922 3373 illud
3965 3310 4031 3373 in
4072 3332 4262 3374 usum

634 3427 899 3504 veniret,
934 3447 1145 3508 neque
1185 3427 1391 3490 solum
1427 3424 1602 3508 apud
1637 3423 1925 3488 Graecos
1956 3424 2432 3504 Romanosque,
2457 3444 2679 3487 verum
2715 3423 2911 3487 etiam
2939 3423 3114 3507 apud
3143 3423 3538 3506 posteriores
3569 3428 3792 3506 gentes
3825 3427 3977 3508 post
3998 3427 4263 3486 renatas

633 3561 801 3604 saec.
846 3539 983 3602 XV.
1028 3544 1093 3602 et
1126 3539 1295 3602 XVI.
1338 3539 1594 3602 litteras
1641 3536 1955 3619 singulari
1993 3536 2276 3618 quadam
2304 3535 2568 3600 floreret
2600 3535 3011 3600 auctoritate.
3103 3535 3290 3615 Quod
3336 3541 3554 3600 autem
3602 3535 3687 3598 ad
3732 3536 3877 3618 ipsa
3901 3533 4262 3597 Ptolemae-

634 3673 815 3715 orum
863 3657 1161 3733 tempora
1208 3651 1460 3728 attinet,
1508 3650 1687 3714 nulla
1732 3670 1803 3712 re
1851 3649 1982 3712 alia
2026 3654 2261 3731 poetae
2306 3652 2373 3711 et
2416 3648 2822 3730 grammatici
2869 3648 3128 3712 facilius
3162 3649 3476 3731 perficere
3499 3650 3872 3730 potuerunt,
3920 3648 3992 3707 ut
4035 3664 4261 3726 regum

632 3764 1133 3845 reginarumque
1169 3764 1447 3845 gratiam
1477 3769 1675 3844 atque
1707 3761 2169 3825 liberalitatem
2193 3761 2316 3824 sibi
2349 3760 2772 3823 conciliarent
2806 3781 2999 3842 quam
3036 3759 3541 3843 epigrammatiS,
3571 3757 3748 3821 velut
3778 3756 4090 3820 Berenice
4116 3777 4260 3819 cum

636 3876 883 3940 Venere
921 3880 1340 3959 comparatur
1375 3881 1441 3938 et
1465 3873 1901 3938 Callimachus
1926 3872 2239 3935 Arsinoae
2266 3871 2608 3934 nonnullos
2632 3871 2985 3936 versiculos
3017 3871 3305 3934 conchae
3325 3870 3675 3952 inscriptos
3699 3868 3975 3932 dedicat.
4023 3869 4263 3947 Quam·

632 4008 827 4069 quam
868 3993 935 4051 et
977 3987 1325 4052 Battiadae
1372 3993 1439 4050 et
1486 3985 1808 4068 Apollonii
1854 3983 2123 4060 Rhodii,
2185 3983 2543 4047 adversarii
2592 3983 2762 4059 eius,
2826 3987 3052 4046 extant
3097 3984 3571 4066 epigrammata
3616 3980 3852 4064 quibus
3895 3981 3974 4045 de
4022 4002 4090 4045 se
4135 3979 4260 4063 ipsi

633 4099 976 4181 gloriosius
1000 4098 1398 4181 praedicent.
1489 4098 1699 4162 Multa
1726 4102 2090 4180 praeterea,
2139 4094 2206 4158 id
2242 4095 2417 4177 quod
2447 4095 2640 4159 facile
2669 4093 3013 4177 intelliges,
3059 4100 3400 4159 versantur
3430 4095 3494 4158 in
3542 4094 3741 4159 rebus
3771 4093 4132 4170 amatorii8‚
4186 4096 4262 4154 ut

632 4210 806 4294 apud
851 4216 1145 4274 nostrum
1192 4217 1430 4293 quarta
1456 4209 1593 4275 fere
1626 4210 1829 4274 totius
1865 4207 2206 4272 voluminis
2238 4227 2414 4289 pars.
2508 4209 2717 4290 Atque
2750 4227 3052 4289 magnam
3085 4206 3379 4290 profecto
3407 4206 3599 4271 affert
3628 4204 4128 4269 delectationem
4174 4201 4255 4264 ad

630 4323 962 4387 hominum
1009 4322 1259 4387 animos
1299 4323 1562 4405 penitus
1596 4307 2079 4403 cognoscendos
2115 4317 2653 4396 animadvertere,
2700 4325 2983 4400 quantus
3016 4318 3289 4384 eruditis
3323 4319 3452 4383 illis
3477 4314 3845 4381 hominibus
3889 4314 3955 4376 in
3992 4312 4261 4396 pulvere

630 4433 1176 4500 bibliothecarum
1221 4434 1654 4498 umbraticam
1702 4453 1907 4515 usque
1953 4432 2153 4495 vitam
2199 4429 2585 4513 degentibus
2630 4430 2808 4494 calor
2854 4432 3276 4514 corporisque
3321 4426 3749 4493 formositatis
3794 4425 4008 4489 cultus
4060 4430 4259 4507 atque

632 4546 977 4612 admiratio
1019 4546 1418 4630 superfuisse
1464 4546 1782 4622 videatur,
1827 4544 1912 4609 ad
1954 4543 2257 4625 Phrynen
2305 4542 2591 4624 aliquam
2635 4543 2736 4605 vel
2787 4541 3041 4605 Thaida
3082 4541 3184 4604 vel
3230 4541 3423 4603 aliam
3469 4536 3861 4624 Ἀφροδίτης
3903 4523 4276 4622 πανδήμο0

631 4659 1114 4723 80001ᾱο11110111
1161 4660 1428 4725 summis
1473 4657 1778 4723 laudibus
1830 4654 2302 4720 extollendam!
2390 4654 2528 4718 Iam
2591 4674 2773 4732 vero,
2821 4653 2998 4736 quod
3058 4653 3263 4716 multo
3303 4651 3509 4734 magis
3567 4671 3764 4734 quam
3817 4649 3983 4714 haec
4043 4650 4259 4714 omnia

631 4771 829 4835 miros
874 4791 991 4835 nos
1035 4771 1267 4850 habet,
1334 4770 1513 4837 haud
1557 4790 1711 4835 raro
1771 4768 1946 4852 apud
1998 4787 2108 4832 eos
2150 4786 2346 4849 grave
2408 4764 2717 4847 quiddam
2784 4786 2862 4829 ac
2921 4766 3144 4843 triste,
3208 4762 3384 4846 quod
3442 4783 3483 4827 a
3526 4785 3679 4828 vero
3743 4763 4039 4828 Graecae
4091 4759 4258 4824 anti-

632 4882 903 4966 quitatis
961 4883 1219 4965 ingenio
1282 4905 1551 4968 prorsus
1609 4881 1966 4947 abhorrere
2017 4880 2291 4944 videtur.
2384 4878 2508 4942 Vix
2573 4882 2793 4941 tamen
2847 4877 3076 4960 negari
3133 4876 3410 4960 poterit,
3485 4876 3650 4941 haec
3711 4882 3850 4939 tum
3906 4873 4258 4936 lasciviora

632 4995 923 5060 carmina
966 4994 1112 5058 illos
1153 4994 1525 5070 confecisse,
1572 5016 1717 5059 cum
1764 4992 2111 5059 admodum
2159 4993 2423 5057 iuvenes
2470 4997 2688 5056 essent
2755 5009 2966 5073 neque
3024 4990 3157 5055 iam
3222 4988 3307 5054 ad
3369 4985 3824 5054 elaboratioris
3887 4983 4049 5048 artis
4096 5001 4262 5046 suae

632 5128 946 5172 summam
991 5105 1453 5189 pervenissent.
1544 5107 1866 5189 Imprimis
1911 5106 2342 5183 delectamur,
2405 5104 2458 5168 si
2519 5102 2842 5186 quomodo
2897 5103 3025 5185 ipsi
3082 5101 3390 5187 perlectis
3449 5099 3576 5162 illis
3634 5095 3967 5160 versiculis
4034 5092 4259 5159 affecti
