4716 5842
2420 360 2513 433 12

651 582 843 644 quem
889 582 1035 627 cum
1080 561 1250 626 inter
1296 561 1476 644 ipsas
1522 559 1870 625 libationes
1895 563 1945 645 1)
2010 562 2095 626 ad
2142 583 2324 627 aram
2372 562 2542 628 Iovis
2590 584 2731 629 esse
2776 565 3142 644 recitatum,
3186 565 3254 629 id
3300 563 3476 648 quod
3519 586 3555 630 e
3598 565 3827 649 primis
3870 565 4086 631 verbis
4129 588 4288 632 con-

649 673 825 739 cludi
868 679 1105 757 potest,
1150 680 1287 737 tum
1328 673 1395 737 in
1441 672 1634 738 laude
1681 672 2059 751 Ptolemaei,
2104 675 2438 741 terrestris
2484 674 2615 753 dei,
2663 677 2910 741 versari
2958 684 3252 760 apparet.
3340 677 3522 742 Idem
3566 678 3763 743 etiam
3807 678 4015 761 magis
4064 679 4290 745 valere

648 784 838 849 nobis
879 785 1137 850 videtur
1181 786 1248 849 in
1293 806 1603 868 magnum
1646 784 1829 850 illum
1878 785 2185 870 hymnum
2234 788 2352 864 Εἰς
2397 793 2669 872 Δῆλον,
2731 808 2860 869 quo
2903 826 2992 835 —
3032 788 3328 855 versibus
3371 790 3682 855 trecentis
3725 789 3953 872 viginti
3995 790 4283 874 quinque

648 934 729 943 —-
780 896 1327 981 descriptionibus
1374 896 2017 980 digressionibusque
2059 898 2220 962 satis
2265 898 2464 963 variis
2509 899 2726 963 miseri
2757 898 3051 966 Latonae
3090 900 3520 984 parturientis
3562 922 3836 981 errores,
3884 902 4203 968 nascituri
4225 903 4284 987 2)

647 1009 912 1092 natique
960 1008 1281 1092 Apollinis
1328 1015 1392 1073 et
1438 1008 1797 1073 Ptolemaei
1840 1008 2253 1093 Philadelphi
2306 1009 2537 1075 laudes
2599 1016 2938 1076 canuntur.
3027 1011 3279 1077 Deinde
3339 1011 3502 1077 illud
3557 1033 3793 1096 poema
3834 1014 4009 1096 quod
4049 1014 4282 1079 inscri-

647 1119 823 1184 bitur
868 1123 989 1200 Εἰς
1031 1117 1328 1207 Ἄρτεμιν
1370 1121 1633 1205 plenum
1678 1120 2219 1201 narratiunculis,
2278 1122 2488 1204 iisque
2533 1122 2966 1202 suavissimiS,
3021 1129 3210 1189 tanta
3271 1123 3479 1189 omnis
3527 1126 3782 1207 generis
3825 1147 4044 1190 rerum
4091 1127 4286 1209 copia

644 1232 959 1311 abundat,
1002 1238 1076 1296 ut
1121 1253 1249 1315 quo
1294 1235 1552 1298 omnino
1583 1232 1814 1298 tendat
1859 1240 2106 1311 auctor,
2153 1234 2479 1299 interdum
2523 1233 2701 1299 haud
2747 1233 2939 1300 facile
2985 1236 3071 1300 sit
3101 1235 3457 1315 intellectu,
3506 1258 3903 1320 quamquam
3947 1237 4280 1320 Ephesum

645 1344 873 1409 urbem
920 1365 961 1409 a
1004 1343 1379 1410 Ptolemaeo
1413 1350 1674 1429 captam
1707 1346 2037 1428 designari
2069 1351 2343 1410 constat.
2431 1345 2685 1429 Hymno
2717 1352 2903 1413 sexto
2935 1350 3060 1427 Εἰς
3090 1345 3417 1434 Δήμητρα
3456 1349 3814 1432 composito
3845 1348 4282 1416 Callimachus

642 1462 873 1521 narrat
921 1477 1119 1539 quam
1171 1457 1377 1523 multa
1433 1456 1628 1523 Ceres
1690 1458 1959 1522 diutinis
2018 1478 2215 1542 passa
2269 1459 2356 1522 sit
2424 1457 2866 1523 errationibus
2922 1459 3276 1543 multisque
3338 1459 3420 1525 de
3463 1459 3624 1525 locis
3667 1460 3828 1527 deae
3873 1462 4079 1526 sacris
4122 1463 4282 1544 agit,

644 1567 878 1633 deinde
924 1589 1044 1652 per
1086 1567 1530 1652 longissimam
1572 1569 2038 1652 digressionem
2084 1569 2165 1634 de
2210 1570 2685 1654 Erysichthone
2730 1576 2799 1635 et
2848 1570 3046 1635 rebus
3090 1571 3362 1653 singulis
3409 1571 3492 1636 ad
3538 1572 3791 1638 Cereris
3836 1573 4081 1639 cultum
4130 1594 4288 1656 per·-

642 1680 1018 1745 tinentibus.
1109 1682 1251 1746 Hoc
1292 1702 1551 1765 quoque
1598 1682 1883 1746 carmine
1928 1683 2101 1764 regis
2148 1681 2424 1764 gloriam
2473 1703 2602 1764 quo
2647 1689 2941 1765 tempore
2999 1681 3258 1751 Cariam
3302 1684 3577 1766 imperio
3622 1706 3740 1751 suo
3788 1685 4120 1751 adiecerat
4164 1707 4284 1752 au-

644 1792 781 1875 geri
826 1792 1046 1858 voluit.
1138 1792 1392 1877 Hymno
1440 1793 1717 1876 denique
1763 1796 1885 1873 Εἰς
1932 1790 2307 1862 Ἀπόλλωνα
2356 1793 2623 1878 Cyrene,
2660 1793 3120 1859 Battiadarum
3165 1794 3400 1877 patria,
3448 1816 3617 1877 quae
3663 1803 3730 1861 et
3774 1799 3921 1881 ipsa
3970 1818 4116 1863 cum
4158 1799 4280 1863 im-

640 1904 823 1987 perio
869 1905 1189 1989 Aegyptio
1234 1906 1579 1970 coniuncta
1623 1910 1785 1984 erat,
1829 1912 1897 1971 et
1939 1904 2351 1971 Ptolemaeus
2397 1928 2511 1970 rex
2554 1907 2774 1999 victor,
2807 1905 2928 1970 sub
2976 1904 3145 1970 Solis
3189 1906 3447 1971 nomine
3494 1906 3926 1975 celebrantur.

952 2016 1266 2082 Omnibus
1315 2017 1419 2081 his
1470 2018 1810 2101 poematis,
1869 2038 2145 2100 quorum
2201 2017 2333 2083 alia
2394 2016 2864 2098 antiquissimis
2907 2016 3038 2083 illis
3082 2017 3337 2103 hymnis
3382 2020 3494 2102 qui
3539 2020 3808 2085 Homeri
3851 2022 4108 2086 nomine
4156 2024 4282 2087 cir-

643 2127 1206 2205 cumferebantur,
1267 2129 1402 2193 alia
1454 2129 1537 2194 ab
1598 2129 1677 2193 iis
1740 2128 2130 2207 abhorrent,
2191 2128 2559 2193 communia
2619 2134 2770 2191 sunt
2828 2129 3056 2211 ingens
3099 2131 3196 2195 vis
3239 2130 3713 2213 digressionum
3758 2131 4280 2216 fabularumque,

644 2240 921 2325 profana
966 2262 1111 2305 cnm
1159 2242 1365 2305 sacris
1404 2242 1628 2319 mixta,
1675 2240 1864 2305 multi
1915 2241 2090 2324 iique
2136 2240 2334 2305 subiti
2382 2239 2467 2304 ad
2512 2260 2614 2304 res
2659 2239 3135 2304 diversissimas
3179 2243 3529 2320 transituS,
3586 2245 3963 2326 inopinatae
4008 2245 4284 2311 deorum

642 2349 1099 2438 ἀποστροφαί,
1144 2352 1329 2438 lyrici
1375 2358 1442 2418 et
1487 2352 1653 2436 epici
1696 2354 2011 2417 sermonis
2055 2353 2494 2417 commutatio.
2584 2351 2684 2416 Ex
2728 2351 2831 2416 his
2878 2371 3139 2433 quoque
3182 2352 3360 2415 cerni
3405 2358 3644 2435 potest,
3697 2354 4166 2422 Callimachum
4210 2359 4278 2422 id

644 2466 884 2549 egisse,
951 2471 1026 2530 ut
1068 2466 1229 2530 fines
1277 2486 1498 2529 omnes
1543 2466 1713 2529 inter
1759 2464 2017 2530 diversa
2064 2464 2434 2528 litterarum
2495 2484 2736 2547 genera
2795 2464 2928 2528 sive
2987 2469 3228 2529 natura
3272 2464 3405 2529 sive
3451 2485 3573 2529 usu
3620 2470 3799 2529 ortos
3846 2468 4275 2547 extingueret,

643 2576 711 2643 id
757 2577 935 2660 quod
980 2577 1241 2642 saeculo
1289 2577 1384 2642 illi
1432 2577 1517 2642 ad
1578 2576 1908 2641 deteriora
1952 2576 2242 2659 vergenti
2298 2575 2903 2658 diversissimasque
2961 2597 3067 2640 res
3126 2576 3542 2658 permiscenti
3602 2581 3799 2659 atque
3859 2576 4276 2642 confundenti

641 2711 909 2772 prorsus
966 2689 1409 2754 conveniebat.
1512 2687 1697 2753 Adde
1762 2688 1889 2753 huc
1946 2689 2122 2770 quod
2183 2687 2567 2771 Cyrenensis
2628 2687 3034 2752 verissimum
3088 2687 3251 2753 illud
3320 2685 3732 2775 ἀπόφθεγμα
3791 2689 4273 2754 Aristotelicum

643 2797 815 2887 αὐτὴ
864 2799 904 2886 ἡ
948 2800 1150 2886 φύσις
1194 2799 1272 2868 τὸ
1320 2804 1573 2868 οἰκεῖον
1616 2800 1867 2887 μέτρον
1923 2790 2121 2884 εὗρεν
2179 2798 2344 2863 adeo
2390 2798 2702 2881 neglexit,
2768 2805 2843 2864 ut
2906 2821 3160 2865 versum
3207 2799 3660 2866 hexametrum
3706 2800 3976 2865 cuilibet
4019 2801 4278 2866 dicendi

644 2935 722 2978 ac
766 2912 1085 2978 sentiendi
1138 2913 1359 2996 generi
1405 2918 1683 2997 aptaret,
1733 2933 1863 2995 qua
1910 2933 1991 2978 ex
2034 2932 2104 2976 re
2147 2911 2366 3002 poesis
2408 2912 2614 2996 lyrica
2659 2918 3064 2998 quantopere
3108 2919 3247 2979 tum
3277 2912 3707 2979 deflorescere
3739 2912 4029 2996 coeperit
4067 2912 4294 2976 ubivis.

647 3046 1038 3109 cognoscere
1067 3025 1237 3091 licet.
1313 3025 1539 3090 Nonne
1571 3025 1799 3089 iisdem
1838 3023 1975 3089 fere
2009 3024 2088 3090 de
2135 3025 2348 3090 causis
2391 3025 2566 3107 apud
2608 3024 2658 3088 F
2662 3024 3120 3091 rauco-Gallos
3150 3025 3648 3104 Alexandrinus,
3695 3026 3806 3107 qui
3833 3024 4090 3102 dicitur,
4135 3046 4276 3090 ver·

642 3160 752 3203 sus
816 3137 966 3202 inde
1040 3158 1080 3201 a
1131 3137 1392 3204 saeculo
1451 3136 1652 3201 XVII.
1715 3137 1965 3202 Thoma
2020 3136 2316 3202 Cornelio
2377 3142 2646 3202 auctore
2697 3141 2954 3202 tantum
3007 3138 3225 3202 valere
3281 3138 3526 3220 coepit,
3595 3143 3670 3199 ut
3736 3136 3954 3200 omnia
4004 3157 4294 3219 poeseos.

645 3270 885 3331 genera
929 3250 1014 3313 ad
1058 3249 1182 3314 hoc
1226 3269 1433 3332 usque
1478 3254 1736 3332 tempus
1780 3247 2259 3332 amplectatur?
2349 3250 2749 3330 Quocunque
2792 3249 2994 3330 igitur
3019 3248 3306 3311 animum
3337 3246 3753 3325 converteris,
3800 3253 3866 3312 et
3910 3253 4276 3313 ceterorum

652 3361 1237 3426 Alexandrinorum
1284 3366 1350 3425 et
1374 3360 1753 3425 Callimachi
1783 3360 2098 3443 principis
2143 3359 2452 3437 carmina,
2501 3380 2648 3423 cum
2689 3358 2814 3441 ipsi
2847 3358 3025 3423 circa
3052 3363 3470 3423 externarum
3499 3358 4014 3442 pusillarumque
4057 3382 4276 3426 rerum

646 3473 895 3557 species
941 3494 1137 3557 saepe
1179 3473 1515 3552 haereant,
1563 3493 1786 3538 carere
1831 3471 2080 3536 videbis
2125 3471 2289 3536 miro
2333 3470 2446 3535 illo
2495 3475 2829 3549 concentu,
2873 3471 2985 3553 qui
3025 3471 3199 3534 inter
3241 3489 3546 3536 numeros
3594 3476 3660 3535 et
3699 3470 3846 3554 ipsa
3890 3478 4277 3555 argumenta

646 3585 995 3651 intercedit
1038 3584 1710 3669 praeclarissimorum
1772 3584 2186 3667 antiquitatis
2240 3582 2726 3666 exemplarium.
2819 3582 3034 3661 Quid?
3093 3581 3268 3664 quod
3314 3580 3751 3648 Callimachus
3793 3584 4030 3648 nimius
4075 3584 4293 3648 fuisse·

645 3697 903 3762 videtur
944 3697 1008 3762 in
1058 3695 1304 3779 figuriS,
1351 3718 1521 3779 quae
1570 3703 1919 3774 vocantur,
1963 3692 2306 3774 ἀντίθεσις
2349 3701 2417 3760 et
2458 3690 2774 3780 ἀναφοραὶ
2821 3693 3239 3774 adhibendis,
3286 3714 3414 3777 quo
3480 3694 3637 3759 vitio
3685 3695 4052 3760 Alexander
4097 3694 4274 3778 Pope

649 3809 1172 3892 elegantissimus
1218 3813 1417 3892 atque
1459 3807 2033 3873 artificiosissimus
2077 3812 2308 3872 auctor
2354 3806 2676 3891 poematis
2723 3806 2900 3888 quod
2941 3807 3293 3889 inscriptus
3338 3812 3438 3870 est
3481 3811 3681 3887 Essay
3726 3828 3803 3870 on
3846 3809 4027 3882 Man,
4076 3811 4294 3889 atque·

646 3922 785 3984 eius
829 3920 1089 4004 epigoni
1142 3920 1307 3985 adeo
1353 3919 1682 3999 laborant,
1747 3926 1821 3985 ut
1885 3925 1951 3984 et
2010 3920 2134 4003 ipsi
2178 3920 2305 3984 hac
2349 3939 2607 4002 quoque
2671 3918 2737 3981 in
2799 3939 2870 3982 re
2935 3940 3080 3984 cum
3126 3918 3584 3983 Alexandrinis
3629 3923 3808 3982 recte
3854 3918 4276 4001 comparandi

646 4053 787 4097 esse
833 4032 1193 4097 videantur.
1283 4031 1480 4097 Cuius
1526 4031 1621 4096 rei
1670 4032 2074 4097 notissimum
2135 4031 2500 4114 exemplum
2565 4034 2665 4095 est
2722 4029 2904 4095 locus
2961 4030 3070 4095 ille
3128 4030 3348 4115 hymni
3393 4032 3516 4110 Εἰς
3556 4037 3791 4116 Δῆλον
3808 4030 3882 4113 ³),
3928 4029 4040 4094 ubi
4083 4035 4275 4113 quat-

644 4149 795 4209 tuor
835 4142 1141 4228 deinceps
1186 4165 1413 4209 versus
1453 4143 1772 4227 incipiunt
1829 4143 2045 4208 verbis
2110 4140 2385 4229 χρύσεα,
2442 4151 2702 4233 χρυσῷ,
2759 4141 3073 4228 χρύσειον
3089 4131 3116 4222 ,’
3169 4151 3422 4232 χρυσῷ,
3480 4162 3648 4225 quae
3709 4141 4005 4224 sequitur
4064 4141 4274 4223 quinti

645 4277 869 4322 versus
914 4256 1179 4320 tertium
1225 4255 1612 4321 vocabulum
1671 4256 1997 4342 χρυσέοιο.
2086 4254 2304 4319 Etiam
2364 4262 2547 4321 κῶλα
2606 4275 2815 4337 aeque
2877 4254 3070 4338 longa
3129 4253 3578 4337 similibusque
3637 4252 4003 4318 constantia
4060 4250 4276 4315 verbis

647 4390 727 4434 ex
776 4367 1049 4433 adverso
1094 4388 1339 4451 ponere
1388 4368 1570 4447 solet,
1616 4388 1747 4450 qua
1791 4389 1863 4432 re
1894 4367 2178 4434 efficitur
2218 4373 2293 4432 ut
2334 4366 2567 4432 breves
2612 4367 3090 4432 enuntiationes
3122 4373 3321 4449 atque
3356 4366 3679 4448 abruptae
3702 4365 3874 4427 inter
3903 4382 3972 4426 se
4010 4382 4278 4445 respon·

647 4480 845 4546 deant
892 4486 959 4544 et
1002 4480 1211 4544 oratio
1257 4479 1508 4544 oriatur
1553 4478 1799 4544 crebris
1851 4478 2161 4545 clausulis
2208 4477 2488 4574 concisa.

963 4725 1009 4785 l)
1070 4717 1248 4787 Ζηνός
1286 4717 1367 4774 ἔοι
1407 4720 1462 4772 τί
1494 4736 1589 4771 κεν
1627 4712 1760 4772 ἄλλο
1801 4715 1956 4786 παρὰ
1995 4719 2298 4788 σπονδῇσιν
2335 4713 2544 4772 ἀείδειν

1061 4804 1246 4860 λώιον.

958 4895 1009 4956 2)
1048 4892 1107 4945 In
1144 4892 1266 4960 ipso
1304 4899 1460 4947 utero
1481 4891 1670 4945 matris
1712 4905 1937 4959 puerum
1964 4890 2349 4945 vaticinantem
2387 4892 2632 4946 audimus
2668 4890 2735 4944 de
2775 4889 2963 4955 Gallis,
3002 4889 3092 4958 qui
3129 4888 3266 4943 duce
3296 4888 3510 4943 Brenno
3552 4887 3841 4942 Phocidem
3870 4889 3977 4941 sint
3998 4887 4280 4952 irrupturi,

648 4991 707 5034 ut
741 4978 998 5047 templum
1050 4978 1369 5047 Delphicum
1407 4978 1685 5046 diripiunt.
1727 4993 1807 5030 vv.
1852 4977 2102 5044 162sqq.,
2140 4977 2303 5032 nimis
2344 4989 2522 5033 autem
2562 4979 2750 5045 inepte
2789 4976 3054 5032 Latonam
3091 4986 3322 5030 matrem
3363 4976 3664 5043 puerperio
3705 4975 4071 5030 excruciatam
4112 4979 4282 5037 poeta

650 5066 1023 5121 exhortantem
1064 5063 1201 5118 facit
1237 5076 1296 5117 ut
1333 5064 1621 5132 prosiliat:
1662 5080 1708 5118 v.
1747 5066 1862 5117 214.
1902 5063 2100 5130 γείνεο,
2136 5065 2312 5131 ysius«)
2347 5065 2532 5132 κοῦρε,
2570 5063 2663 5117 καὶ
2703 5057 2869 5132 ἤπιος
2903 5059 3053 5129 ἔξιθι
3087 5059 3318 5117 κόλπου.

962 5153 1014 5214 3)
1050 5167 1131 5203 vv.
1174 5152 1275 5203 260
1294 5167 1415 5218 sqq.
