4716 5842
552 1261 783 1396 De
878 1256 1498 1396 Catullo
1595 1255 3082 1390 Alexandrinorum
3175 1256 3977 1387 imitatore

1922 1709 2164 1784 Guil.
2215 1709 2623 1783 Henkel.

2148 1899 2456 1906 -----
3010 1860 3097 1922 τίς
3130 1851 3316 1926 γλαῦκ’
3351 1851 3606 1926 Ἀθήναζ’
3641 1850 3878 1925 ἤγαγενς

3408 1946 3504 1997 Ar.
3543 1944 3644 1995 Av.
3683 1946 3799 1997 301.

705 2070 863 2135 Cum
897 2088 955 2133 a.
980 2068 1042 2132 h.
1069 2089 1119 2132 s.
1143 2065 1399 2131 LXXV.
1433 2066 1667 2131 itinere
1707 2066 1774 2130 in
1802 2065 2211 2130 Britanniam
2241 2072 2547 2151 suscepto
2592 2087 2740 2131 cum
2771 2065 2810 2131 J
2817 2086 3026 2130 oanne
3059 2064 3344 2144 Classen,
3376 2064 3515 2129 viro
3555 2084 3809 2129 summa
3836 2064 4086 2148 pietate

446 2204 500 2248 ⁴a
545 2203 649 2247 me
696 2179 986 2259 colende,
1033 2177 1268 2244 Oxonii
1313 2198 1522 2243 essem
1564 2175 1788 2260 ibique
1836 2176 2158 2244 Guilelmo
2211 2176 2605 2261 Hertzberg,
2653 2178 2767 2261 qui
2817 2183 2958 2242 tum
3001 2176 3161 2241 mihi
3203 2175 3576 2260 praefectus
3621 2181 3782 2255 erat,
3820 2175 4086 2241 iubente

460 2295 529 2359 in
546 2292 956 2359 Bibliotheca
973 2290 1333 2356 Bodleiana
1354 2310 1621 2356 munere
1641 2288 1927 2372 quodam
1958 2288 2283 2374 fungerer,
2310 2289 2390 2353 H.
2409 2290 2582 2355 Coxe
2612 2289 3027 2354 doctissimus
3058 2287 3614 2367 bibliothecariuS,
3649 2307 3841 2369 quem
3880 2308 4088 2372 nuper

449 2406 636 2471 diem
668 2404 909 2470 obiisse
940 2424 1317 2487 supremum
1343 2401 1555 2484 lugeO,
1604 2402 1950 2466 certiorem
1980 2421 2084 2465 me
2116 2399 2291 2480 fecit,
2333 2401 2678 2466 Aemilium
2715 2400 3070 2478 Baehrens,
3112 2399 3490 2465 academiae
3534 2399 3575 2464 J
3578 2400 3832 2464 enensis
3863 2398 4087 2464 docto-

456 2539 601 2583 rem
628 2516 710 2583 de
742 2515 998 2581 Catullo
1026 2533 1437 2596 summopere
1465 2514 1788 2591 meritum,
1834 2532 1964 2577 non
1996 2511 2201 2577 multo
2236 2518 2389 2577 ante
2433 2535 2535 2579 me
2595 2511 2901 2593 adfuisse,
2947 2518 3023 2578 ut
3072 2511 3360 2577 codicem
3393 2511 3901 2576 Canonicianum
3933 2515 4016 2577 30
4037 2511 4087 2591 ¹)

460 2650 504 2695 a
534 2627 934 2694 Robinsonio
968 2624 1131 2689 Ellis
1162 2624 1445 2708 primum
1479 2623 1854 2708 diligentius
1884 2629 2243 2690 tractatum
2281 2624 2650 2708 inspiceret.
2740 2625 2973 2707 Itaque
3008 2644 3155 2689 cum
3186 2628 3381 2688 antea
3426 2622 3670 2688 multus
3712 2622 3980 2689 fuissem
4023 2623 4092 2687 in

463 2746 663 2823 poeta
683 2736 1060 2816 Veronensi,
1101 2736 1198 2801 ita
1242 2741 1462 2802 tamen
1504 2742 1580 2801 ut
1621 2735 1840 2801 faceta
1885 2736 2023 2801 eius
2054 2742 2363 2820 poemata
2405 2758 2536 2802 non
2566 2743 2702 2802 tam
2748 2737 3069 2802 acerrimo
3114 2735 3332 2800 studio
3371 2742 3843 2818 perscrutarer,
3894 2756 4092 2818 quam

454 2848 925 2915 oblectationis
970 2868 1173 2913 causa
1212 2847 1617 2933 perlegerem
1637 2897 1652 2927 ,
1706 2851 1980 2932 excepto
2022 2849 2441 2913 vexatissimo
2482 2848 2595 2913 illo
2647 2848 2933 2914 carmine
2981 2847 3269 2912 LXVIII.
3316 2847 3493 2931 quod
3537 2846 3910 2912 accuratius
3955 2853 4093 2913 tra-

460 2964 638 3029 ctavi
659 3014 674 3042 ,
736 2962 1078 3027 occasione
1121 2960 1239 3025 illa
1289 2959 1515 3025 oblata
1557 2959 1778 3025 facere
1821 2979 1950 3024 non
1995 2962 2180 3044 potui
2244 2961 2401 3043 quin
2446 2961 2532 3026 ad
2575 2961 2833 3027 litteras
2880 2981 3140 3044 quoque
3184 2961 3251 3025 in
3296 2965 3440 3025 arte
3486 2960 3714 3025 critica
3757 2968 4095 3025 versantes

461 3077 732 3160 propius
773 3073 1171 3139 accederem.
1260 3074 1476 3155 Atque
1519 3077 1593 3137 ut
1638 3077 1887 3155 quanta
1932 3072 2174 3138 codicis
2219 3072 2605 3137 Oxoniensis
2649 3073 3011 3137 auctoritas
3058 3093 3201 3138 esse
3245 3071 3593 3150 videretur,
3638 3073 3797 3156 ipse,
3845 3073 3901 3137 si
3944 3093 4094 3156 pos-

465 3207 621 3267 sem,
668 3185 1113 3264 diiudicarem,
1153 3182 1471 3249 facultate
1508 3182 1964 3249 liberalissime
1993 3184 2152 3249 data
2197 3184 2542 3251 nonnullos
2590 3185 2651 3249 ei
2700 3184 2841 3249 dies
2880 3185 2948 3248 in
2982 3184 3054 3248 B.
3088 3183 3446 3250 Bodleiana
3487 3183 3693 3249 tribui
3739 3190 3806 3249 et
3835 3205 4098 3249 carmen

466 3298 753 3363 LXVHI.
798 3302 1007 3363 totum
1054 3296 1405 3379 descripsi,
1467 3297 1651 3362 cuius
1710 3303 1968 3380 partem
2026 3296 2179 3360 huic
2241 3295 2856 3362 dissertatiunculae
2897 3295 3122 3361 addidi
3169 3296 3512 3380 specimen.
3600 3296 3701 3360 Ex
3738 3296 3850 3360 illo
3897 3296 4100 3380 igitur

466 3415 762 3493 tempore
807 3408 875 3473 id
910 3409 1319 3500 potissimum
1366 3409 1488 3491 egi,
1535 3414 1610 3473 ut
1640 3429 2070 3492 quaecunque
2115 3407 2197 3473 de
2238 3408 2478 3473 Catulli
2511 3407 2910 3474 carminibus
2954 3407 3372 3473 recensendis
3418 3413 3484 3473 et
3518 3409 3586 3471 in
3632 3407 3986 3473 Germania
4033 3413 4100 3473 et

466 3520 535 3584 in
578 3519 922 3590 Britannia
965 3520 1213 3604 scripta
1248 3525 1448 3602 atque
1492 3519 1560 3583 in
1602 3518 1814 3585 lucem
1860 3519 2039 3586 edita
2084 3526 2318 3600 essent,
2365 3520 2786 3604 inspicerem3
2831 3521 3139 3603 quoniam
3183 3540 3337 3584 vero
3384 3519 3875 3602 quaestionibus
3921 3520 4099 3585 criti-

458 3633 563 3697 -cis
608 3652 877 3716 operam
920 3652 1163 3696 navare
1205 3651 1335 3696 non
1378 3652 1595 3696 meum
1654 3637 1786 3711 est,
1857 3652 2004 3697 cum
2063 3633 2272 3715 magis
2329 3632 2417 3697 ad
2473 3632 2842 3698 litterarum
2902 3632 3336 3716 cognitionem
3391 3632 3843 3714 rationemque
3887 3632 4099 3716 ipsam

470 3744 756 3810 animum
774 3742 1117 3808 advertere
1147 3742 1411 3822 soleam,
1441 3743 1759 3828 imprimis
1789 3742 1856 3807 id
1884 3742 2043 3808 mihi
2062 3744 2523 3827 inquirendum
2551 3744 3019 3829 proponebam,
3051 3764 3181 3827 quo
3213 3742 3470 3808 vinculo
3492 3749 3693 3828 poeta
3707 3743 4098 3809 Veronensis

468 3875 620 3920 cum
679 3855 950 3921 Graecis
1009 3855 1392 3920 coniunctus
1454 3875 1595 3920 esse
1646 3854 1997 3921 videretur.
2086 3857 2268 3935 Quae
2325 3876 2434 3921 res
2496 3858 2620 3922 etsi
2676 3857 2743 3921 in
2792 3855 2981 3922 libris
3038 3855 3119 3921 de
3172 3855 3544 3920 litterarum
3611 3855 3888 3921 historia
3949 3877 4100 3921 con-

458 3966 732 4049 scriptis
789 3987 986 4051 saepe
1032 3966 1428 4032 adumbrata
1474 3973 1541 4032 et
1584 3959 2155 4034 dissertationibus
2197 3972 2297 4033 est
2347 3973 2665 4048 tractata,
2739 3975 2960 4034 tamen
3004 3966 3223 4033 facere
3267 3988 3397 4032 non
3440 3968 3626 4051 potui
3672 3968 3828 4051 quin
3846 4019 3861 4048 ,
3924 3969 4100 4052 quod

472 4098 688 4143 meum
751 4076 832 4142 de
877 4076 1131 4142 Catullo
1176 4079 1387 4161 iisque
1441 4099 1605 4161 quos
1645 4079 2009 4145 imitatione
2069 4080 2394 4163 expressit
2450 4085 2624 4145 esset
2680 4077 3011 4160 iudicium,
3069 4079 3411 4164 aperirem.
3504 4081 3649 4159 Qua
3709 4080 3779 4144 in
3835 4101 3907 4146 re
3954 4101 4103 4145 cum

463 4194 670 4255 antea
712 4194 979 4272 praeter
1022 4188 1354 4255 Theocriti
1398 4188 1625 4275 idyllia
1667 4196 2012 4274 poetarum
2058 4190 2650 4257 Alexandrinorum
2690 4212 2891 4276 opera
2938 4192 3243 4276 legissem
3283 4191 3496 4270 nulla,
3558 4191 3773 4257 fateor
3833 4213 3912 4257 ea
3957 4193 4102 4277 ipsa

472 4322 545 4366 re
592 4300 766 4385 quod
810 4300 876 4364 in
922 4299 1179 4365 Catullo
1225 4321 1493 4384 operam
1535 4301 1969 4382 collocabam,
2034 4304 2320 4369 animum
2383 4325 2599 4369 meum
2646 4303 2732 4368 ad
2784 4303 3014 4370 doctos
3071 4304 3218 4369 illos
3263 4309 3495 4389 poetas
3534 4325 3674 4370 esse
3720 4324 4102 4370 conversum

468 4414 585 4492 ita,
631 4419 706 4479 ut
746 4433 915 4496 quae
958 4412 1045 4477 ad
1087 4414 1468 4478 memoriam
1514 4418 1807 4478 nostram
1847 4423 2287 4498 pervenerunt
2328 4416 2477 4500 ipsa
2511 4414 2815 4498 legerem.
2904 4416 3208 4482 Ceterum
3252 4438 3400 4481 cum
3440 4415 3526 4481 ad
3564 4416 3738 4481 hanc
3779 4436 4101 4481 commen-

472 4524 787 4589 tationem
825 4524 1225 4604 accederem,
1269 4523 1340 4589 id
1374 4524 1655 4590 maxime
1683 4528 1975 4610 spectavi
2008 4532 2083 4592 ut
2114 4547 2339 4592 eorum
2378 4527 2736 4592 sententias
2768 4527 3153 4609 refellerem,
3187 4529 3299 4612 qui
3346 4529 3582 4594 mirum
3610 4548 3753 4592 esse
3794 4534 4105 4612 putarent

473 4631 800 4699 Catullum
842 4643 1105 4720 poetam
1166 4642 1301 4702 tam
1362 4637 1579 4702 divino
1634 4637 1872 4722 spiritu
1930 4638 2406 4704 inflammatum
2467 4638 2782 4706 institisse
2841 4640 3100 4705 omnino
3160 4640 3391 4705 talium
3447 4640 3733 4705 virorum
3790 4640 4102 4724 vestigiis,

466 4743 714 4828 quibus
761 4748 979 4812 omnia
1020 4754 1259 4814 natura
1302 4755 1570 4834 praeter
1610 4750 1942 4834 ingenium
1984 4771 2136 4816 vere
2180 4750 2512 4835 poeticum
2557 4750 2813 4817 dedisse
2858 4752 3205 4817 videretur.

782 4856 1010 4923 Nonne
1065 4861 1234 4924 enim
1304 4867 1562 4927 constat
1601 4863 1919 4927 neminem
1976 4861 2142 4943 fere,
2202 4884 2284 4929 ne
2338 4862 2818 4948 Shakespeario
2864 4864 3126 4948 quidem
3175 4862 3532 4929 Goethiove
3577 4863 3844 4931 summis
3888 4867 4103 4951 poetis

464 4969 795 5054 exceptis,
867 4970 1225 5036 secundum
1292 4973 1500 5055 legem
1571 4974 1901 5058 quandam
1978 4975 2225 5041 homini
2288 4980 2530 5041 natura
2592 4975 2854 5041 insitam
2929 4975 3016 5041 ad
3084 4995 3337 5041 summa
3403 4977 3743 5061 pervenire
3812 4979 4103 5062 potuisse

786 5215 834 5280 1)
874 5215 940 5267 A.
982 5211 1280 5282 Baehrens,
1319 5213 1435 5269 Cat.
1474 5212 1562 5269 ed.
1600 5216 1750 5269 1876.
1824 5213 2007 5271 Praef.
2045 5232 2100 5286 p.
2136 5214 2283 5269 XIV.

3392 5308 3418 5357 1
3445 5307 3474 5340 *
