4716 5842
2459 368 2554 439 14

686 568 954 651 pissime
1001 566 1365 632 afferuntur
1410 571 1637 647 Αἴτια,
1701 588 1871 650 quae
1920 566 2299 650 Apollonius
2348 568 2640 633 Rhodius
2697 590 2818 653 pro
2862 589 3059 653 opere
3117 571 3279 635 satis
3328 569 3440 635 vili
3495 569 3800 636 habenda
3846 574 4114 645 censuit,
4161 575 4315 639 Pro·

686 680 940 763 pertius
1008 679 1326 744 imitanda
1392 679 1517 745 sibi
1584 678 1963 762 proposuit;
2030 680 2484 745 venustissima
2543 681 2802 746 Acontii
2861 687 2929 746 et
2983 680 3314 766 Cydippae
3370 681 3596 747 fabula
3620 683 3697 766 ¹),
3758 704 3954 765 quam
4019 684 4113 749 illi
4165 684 4316 751 Cor·

692 791 837 875 pori
884 790 1255 874 Elegiarum
1296 793 1696 871 inseruerat,
1770 790 1947 874 quod
2008 790 2420 875 naufragium
2466 792 2601 856 vita
2637 814 2765 857 non
2809 794 3180 876 superavit,
3241 814 3319 858 eo
3362 794 3572 877 magis
3615 799 3718 859 est
3759 794 4125 871 dolendum,
4172 817 4316 861 cum

689 901 1167 968 Callimacheae
1211 904 1427 986 poesis
1471 901 1753 968 indolem
1809 923 1891 968 ac
1943 901 2217 967 formam
2278 903 2716 988 pulcherrime
2776 904 3267 970 adumbravisse
3327 904 3646 970 videatur.
3735 906 3915 972 Idem
3960 905 4098 971 fere
4143 908 4316 973 valet

687 1014 755 1077 in
793 1010 1113 1100 Ἑκάλην,
1180 1035 1376 1098 quam
1438 1014 1727 1079 Naekius
1740 1015 1795 1099 2)
1851 1015 2274 1097 sagacissimo
2335 1016 2632 1081 acumine
2687 1036 2722 1080 e
2779 1022 2880 1080 tot
2925 1015 3213 1081 disiectis
3256 1016 3564 1083 membris
3629 1018 4125 1083 instaurandam
4194 1019 4315 1084 sibi

685 1130 993 1212 suscepit.

997 1240 1148 1306 Jatn
1206 1246 1281 1304 ut
1346 1238 1431 1303 ad
1486 1238 1866 1305 Berenicem
1924 1245 2368 1318 transeamus,
2435 1261 2566 1322 qua
2629 1241 2838 1305 omnis
2885 1240 3288 1323 comparatio
3331 1240 3504 1304 inter
3546 1239 3872 1306 Catullum
3919 1248 3987 1307 et
4033 1241 4318 1306 Graecos

686 1353 991 1418 instituta
1037 1353 1163 1417 nisi
1211 1351 1633 1416 fundamento
1678 1352 1833 1429 niti,
1894 1356 1965 1415 at
2011 1357 2187 1416 certe
2236 1351 2612 1417 adiumento
2656 1352 2754 1417 uti
2799 1351 3013 1429 debet,
3063 1352 3170 1416 vix
3214 1351 3502 1417 dubitari
3545 1357 3781 1435 potest,
3827 1353 3985 1436 quin
4029 1352 4321 1418 Catullus

687 1466 976 1529 carmine
1009 1464 1215 1529 LXVI
1256 1484 1383 1528 non
1428 1462 1637 1528 solum
1682 1462 1979 1528 imitatus
2025 1464 2127 1542 sit,
2175 1463 2290 1529 sed
2335 1464 2533 1529 etiam
2574 1464 2863 1543 verterit,
2909 1463 2976 1527 id
3021 1463 3198 1547 quod
3241 1462 3367 1528 hac
3406 1464 3817 1547 potissimum
3860 1486 3940 1529 ex
3985 1485 4065 1529 re
4110 1464 4322 1546 colligi

684 1576 858 1655 licet,
905 1576 1080 1660 quod
1104 1575 1484 1642 Callimachi
1520 1575 1886 1658 fragmenta
1933 1581 2033 1651 34,
2085 1578 2226 1655 35⁵,
2276 1581 2387 1641 350
2441 1575 2677 1641 Catulli
2712 1575 2927 1640 verbis
2968 1574 3106 1641 fere
3138 1581 3445 1640 accurate
3477 1574 3891 1658 respondent,
3944 1584 4010 1641 et
4063 1597 4115 1641 c.
4153 1576 4322 1640 LXV

694 1694 770 1755 15
817 1688 1123 1772 leguntur
1167 1688 1362 1753 haec:
1424 1689 1612 1752 mitto
1657 1686 1841 1752 Haec
1898 1708 2311 1770 expressa
2355 1687 2476 1752 tibi
2535 1688 2829 1752 carmina
2871 1686 3238 1752 Battiadae.
3327 1686 3538 1752 Huius
3598 1688 3799 1770 igitur
3859 1688 4172 1753 carminis
4216 1708 4320 1752 ex·

684 1800 1103 1885 plicationem
1148 1801 1243 1865 ita
1288 1800 1728 1879 instituemus,
1784 1805 1857 1864 ut
1899 1799 2082 1864 nulla
2133 1800 2266 1865 iam
2314 1800 2590 1865 Romani
2650 1799 2904 1864 ratione
2962 1798 3190 1864 habita
3248 1798 3340 1862 nil
3401 1798 3524 1863 nisi
3572 1797 3810 1864 Graeci
3865 1808 4318 1883 argumentum

686 1934 1160 1978 recenseamus.
2345 1903 2349 1908 ’

998 2024 1409 2089 Ptolemaeus
1440 2024 1796 2107 Euergetes
1839 2023 2060 2107 paullo
2105 2031 2456 2108 postquam
2486 2022 2862 2102 Berenicen,
2914 2043 3083 2105 quae
3127 2021 3266 2087 filia
3290 2028 3435 2087 erat
3459 2021 3712 2105 Magae,
3754 2021 3983 2087 fratris
4027 2023 4319 2107 germani

688 2136 1185 2220 Philadelphi3),
1230 2136 1297 2200 in
1341 2136 1825 2200 matrimonium
1871 2135 2074 2213 duxit,
2124 2157 2269 2200 cum
2315 2136 2382 2199 in
2428 2156 2505 2200 eo
2553 2140 2727 2199 esset
2767 2140 2841 2199 ut
2882 2134 3153 2199 Seleuco
3200 2135 3340 2216 regi
3396 2134 3623 2218 Syriae
3638 2133 3696 2219 4)
3740 2133 3983 2200 bellum
4021 2136 4314 2211 inferret,

686 2270 855 2313 nova
897 2254 1103 2332 nupta
1150 2248 1439 2312 absentis
1484 2248 1604 2312 viri
1651 2247 1976 2312 desiderio
2021 2247 2364 2331 deperiens
2409 2247 2660 2312 vovisse
2705 2245 2977 2323 dicitur,
3040 2266 3290 2311 comam
3349 2246 3450 2310 vel
3496 2267 3692 2310 unum
3742 2246 3961 2329 capilli
4020 2249 4121 2313 sui
4186 2246 4316 2310 cin-

688 2361 945 2425 cinnum
1006 2360 1283 2425 recisum
1345 2361 1409 2423 in
1473 2358 1624 2424 fano
1685 2359 2082 2443 Aphrodites
2143 2358 2577 2443 Zephyritidis
2620 2363 2955 2440 tamquam
3000 2354 3318 2444 ἀνάθημα
3379 2357 3542 2422 deae
3600 2377 3669 2421 se
3729 2377 3871 2422 esse
3934 2357 4314 2423 dicaturain.

686 2471 874 2551 Quod
935 2480 1155 2536 votum
1218 2493 1363 2536 cum
1424 2471 1752 2549 solvisset,
1828 2472 1990 2535 miro
2067 2470 2259 2536 modo
2326 2471 2504 2555 pium
2550 2470 2816 2553 reginae
2890 2469 3132 2535 donum
3199 2490 3233 2533 e
3301 2490 3488 2534 sacro
3543 2466 3870 2533 sublatum
3945 2475 4060 2531 est.
4152 2470 4315 2533 Tum

690 2585 941 2659 Conon,
1011 2583 1311 2649 assiduus
1371 2582 1480 2648 ille
1538 2583 1703 2648 caeli
1764 2583 2180 2666 siderumque
2241 2588 2609 2666 spectator,
2669 2601 2744 2645 eo
2805 2583 3125 2665 processit
3176 2580 3572 2662 adulationis
3616 2585 3813 2661 atque
3855 2578 4194 2655 fatuitatis»,
4241 2584 4316 2640 ut

688 2717 937 2760 comam
984 2697 1231 2777 regiam
1276 2696 1449 2760 inter
1496 2702 1676 2760 astra
1721 2695 2076 2777 fulgentem
2123 2717 2192 2760 se
2236 2695 2602 2779 repperisse
2662 2692 3086 2758 contenderet
3142 2691 3421 2775 ideoque
3479 2690 3805 2756 nonnullis
3849 2690 4086 2770 stellis,
4146 2708 4313 2772 quae

687 2829 894 2890 usque
939 2807 1024 2872 ad
1068 2808 1229 2872 illud
1277 2815 1535 2891 tempus
1580 2807 1949 2873 nominibus
1997 2813 2366 2886 caruerant,
2417 2806 2764 2870 Berenices
2811 2805 3046 2870 Comae
3091 2825 3325 2869 nomen
3371 2803 3627 2869 indidit.
3715 2806 3850 2888 Age
3895 2824 4065 2868 nunc
4111 2799 4318 2867 consi-

687 2919 1018 3000 deremus,
1088 2944 1283 3004 quam
1344 2920 1535 2986 docte
1579 2942 1661 2986 ex
1712 2941 1893 2985 more
1951 2941 2069 2984 suo
2115 2919 2213 2984 vir
2258 2918 2736 2985 Alexandrinus
2793 2917 2861 2982 in
2907 2916 3245 2982 condenda
3303 2916 3514 3000 elegia
3564 2938 3720 2981 usus
3765 2917 3849 2981 sit
3892 2916 4054 2982 satis
4096 2916 4320 2996 inepta

684 3032 798 3097 illa
841 3031 1082 3098 fabula.
1173 3034 1357 3098 Licet
1399 3034 1568 3098 enim
1613 3033 1835 3098 mariti
1865 3032 2188 3098 discessus
2234 3038 2302 3097 et
2342 3033 2582 3097 misera
2610 3030 2834 3095 uxoris
2860 3028 3153 3094 condicio
3201 3035 3399 3113 atque
3433 3029 3930 3093 lamentationes
3975 3045 4320 3110 argumen-

686 3150 826 3209 tum
872 3144 1265 3228 praeberent
1325 3146 1486 3210 satis
1530 3145 1817 3229 amplum
1870 3165 2194 3227 veraeque
2255 3143 2505 3227 elegiae
2563 3141 2899 3220 idoneum,
2962 3142 3016 3206 si
3071 3141 3141 3205 id
3192 3163 3390 3205 unum
3447 3148 3645 3222 poeta
3686 3138 3954 3219 egisset,
4014 3144 4088 3200 ut
4133 3155 4321 3198 veros

687 3256 886 3321 animi
931 3257 1205 3322 affectus
1247 3264 1567 3336 moveret,
1628 3265 1849 3322 tamen
1897 3256 2092 3321 aliam
2140 3256 2313 3319 viam
2368 3255 2700 3337 ingressus
2758 3259 2874 3317 est.
2963 3252 3261 3332 Namque
3322 3247 3826 3314 astronomicam
3870 3245 4052 3309 illam
4093 3264 4320 3311 conse-

688 3368 1064 3446 crationem,
1113 3390 1309 3451 quam
1357 3369 1590 3436 leviter
1630 3369 1926 3452 tetigisse
1976 3366 2380 3450 praestabat,
2423 3386 2552 3430 non
2594 3363 2787 3429 modo
2834 3363 3097 3427 missam
3142 3362 3363 3427 facere
3401 3358 3685 3436 nolebat,
3732 3356 3847 3422 sed
3872 3357 4070 3422 etiam
4103 3357 4321 3422 faceta

688 3479 965 3545 Cononis
1010 3480 1337 3559 adulatio,
1395 3482 1637 3564 quippe
1701 3500 1870 3562 quae
1919 3477 2293 3561 aequalium
2340 3477 2582 3542 iudicio
2630 3476 3031 3552 conveniret,
3087 3474 3252 3539 adeo
3295 3473 3353 3537 ei
3397 3471 3678 3556 placuit,
3739 3476 3814 3535 ut
3874 3469 4046 3536 hanc
4104 3475 4321 3535 osten·

686 3590 927 3656 tandae
989 3592 1372 3657 eruditionis
1432 3592 1816 3658 facultatem
1880 3611 2006 3654 non
2066 3590 2191 3655 sibi
2240 3586 2893 3673 praetermittendam
2954 3606 3096 3651 esse
3167 3589 3449 3669 putaret.
3551 3583 3786 3666 Itaque
3844 3603 3974 3666 quo
4035 3582 4319 3664 reginae,

689 3724 885 3785 quam
932 3704 1055 3769 etsi
1096 3704 1471 3770 adulatione
1518 3722 1912 3786 magnopere
1959 3700 2352 3766 delectatam
2400 3700 2508 3763 vix
2552 3699 2755 3764 risum
2798 3697 3088 3763 tenuisse
3116 3696 3464 3762 verisimile
3511 3701 3628 3775 est,
3673 3695 3955 3778 gratiam
4001 3692 4125 3758 sibi
4171 3713 4322 3757 con-

688 3813 942 3879 riliaret
992 3837 1240 3899 suoque
1285 3814 1655 3898 indulgeret
1693 3814 1945 3890 animo,
2006 3813 2310 3877 Amorem
2356 3816 2423 3875 et
2466 3810 2825 3875 Minervam
2881 3808 3139 3874 vinculo
3200 3809 3482 3891 quodam
3529 3807 3824 3891 quamvis
3868 3804 4107 3889 frigido
4149 3804 4323 3868 inter

690 3947 759 3990 se
805 3927 1140 3992 coniunxit
1185 3934 1384 4011 atque
1432 3926 1754 3992 conexuit.
1845 3923 2147 3989 Ceterum
2193 3944 2310 3987 cur
2354 3943 2434 3988 ea
2480 3921 2890 4006 potissimum
2936 3941 3105 4004 quae
3145 3921 3214 3984 in
3255 3918 3800 4003 contemplatione
3845 3936 4063 3983 rerum
4113 3915 4322 3982 caele·

690 4037 887 4102 stium
919 4045 1279 4117 versantur,
1327 4037 1720 4114 adhibuerit,
1767 4034 1995 4101 mirari
2041 4032 2314 4112 desines,
2361 4034 2415 4099 si
2461 4039 2679 4099 tecum
2717 4033 3143 4117 reputaveris,
3191 4030 3610 4114 astrologiam
3660 4034 3849 4095 tanta
3892 4029 3999 4094 vix
4043 4048 4324 4112 usquam

688 4147 987 4214 floruisse
1054 4151 1449 4216 auctoritate
1523 4156 1770 4233 quanta
1839 4147 1906 4211 in
1978 4143 2217 4210 litteris
2278 4145 2885 4212 Alexandrinorum.
2991 4144 3364 4210 Memineris
3423 4142 3616 4208 velim
3676 4140 4033 4208 Alexandri
4089 4137 4322 4216 Aetoli,

689 4261 896 4338 Arati,
942 4260 1427 4342 Eratosthenis3
1474 4268 1675 4344 atque
1718 4261 1918 4325 etiam
1963 4259 2030 4322 in
2077 4256 2313 4321 ceteris
2358 4256 2740 4323 Callimachi
2784 4257 3092 4343 operibus
3137 4262 3454 4340 quantum
3498 4276 3534 4322 e
3579 4254 3871 4337 reliquiis
3918 4250 4127 4317 conici
4168 4250 4324 4315 licet

690 4394 1010 4439 summum
1052 4372 1269 4438 locum
1313 4372 1572 4438 videtur
1619 4371 1994 4437 obtinuisse.
2084 4370 2391 4434 Attamen
2435 4367 2561 4433 hac
2605 4390 2679 4436 re
2718 4370 2787 4435 hi
2831 4371 3002 4435 inter
3047 4390 3117 4434 se
3145 4367 3473 4446 differunt,
3518 4366 3696 4450 quod
3739 4386 3886 4430 cum
3934 4362 4138 4428 ceteri
4181 4367 4321 4425 tum

691 4485 1132 4572 Φαινομένων
1174 4486 1285 4552 καὶ
1343 4487 1771 4570 Λιοσημείων
1825 4487 2087 4560 auctor,
2149 4501 2341 4564 quem
2405 4480 2582 4565 apud
2628 4480 2956 4547 Romanos
3016 4481 3083 4545 in
3136 4500 3389 4547 summa
3448 4478 3650 4543 fuisse
3708 4474 4139 4541 admiratione
4182 4472 4324 4557 ipse

691 4595 917 4664 Cicero
961 4602 1194 4664 auctor
1238 4601 1355 4676 est,
1400 4594 1486 4660 ad
1529 4594 1857 4660 hominum
1905 4592 2257 4657 utilitatem
2302 4592 2712 4676 potissimum
2757 4599 2966 4658 artem
3009 4613 3193 4658 suam
3241 4590 3583 4657 conferant
3599 4637 3614 4668 ,
3658 4585 4124 4654 Callimachum
4169 4604 4323 4650 vero

688 4708 1144 4793 mythologicis
1191 4708 1321 4774 illis
1377 4705 1889 4792 digressionibus
1953 4704 2307 4788 voluptatis
2375 4724 2577 4771 causa
2649 4704 2940 4770 carmina
3007 4702 3339 4769 ornavisse
3396 4698 3810 4767 manifestum
3868 4704 3985 4764 est.
4090 4696 4326 4764 Primis

692 4850 1102 4859 ———.-——-

1003 4918 1053 4982 1)
1088 4914 1158 4969 cf.
1196 4913 1436 4984 Dilthey,
1479 4914 1562 4969 De
1599 4911 1733 4969 Call.
1772 4911 2036 4982 Cydippe.
2072 4909 2225 4980 Lips.
2270 4910 2423 4964 1863.

1000 5005 1055 5069 2)
1096 5001 1161 5056 N.
1199 5001 1479 5070 opuscula
1513 4999 1647 5068 phil.
1687 4998 1792 5054 vol.
1837 4998 1911 5053 11.

1001 5088 1055 5156 3)
1093 5085 1355 5141 Sororem
1390 5087 1705 5157 Euergetae
1742 5085 1917 5163 fuisse
1957 5082 2233 5140 fabulatur
2272 5083 2541 5154 Hyginus,
2577 5083 2817 5140 Astrom.
2854 5089 2999 5152 poet.
3037 5082 3109 5151 11,
3146 5086 3229 5138 24.

1000 5177 1055 5242 4)
1089 5173 1247 5243 Apud
1284 5174 1557 5229 Catullum
1594 5173 1658 5229 V.
1701 5177 1767 5227 12
1805 5169 2168 5242 Assyrio&
