4716 5842
2191 386 2283 459 15

416 601 617 683 igitur
660 594 885 662 statim
929 592 1277 657 Berenices
1320 590 1617 655 versibus
1662 591 2026 656 doctrinam
2081 612 2228 656 cum
2289 591 2691 676 mythologia
2734 593 3146 657 coniunctam
3190 592 3527 657 habemus.
3617 592 3836 658 Conon
3882 595 4054 659 enim

415 711 571 788 scit,
632 729 762 793 quo
821 713 1119 788 tempore
1180 702 1278 768 sol
1328 703 1581 767 oriatur
1639 708 1707 767 et
1763 702 2038 782 occidat,
2082 724 2295 786 neque
2343 704 2634 786 ignorat,
2682 724 2800 768 cur
2854 704 3009 768 solis
3049 705 3223 769 nitor
3268 705 3681 784 obscuretur,
3729 707 4055 788 quomodo

412 823 557 901 fiat,
624 827 702 885 ut
765 817 961 884 certis
1020 815 1337 900 temporis
1400 814 1763 879 intervallis
1822 815 2181 880 interiectis
2226 815 2447 880 sidera
2503 834 2672 898 vaga
2732 836 2876 881 sese
2937 814 3215 894 abdant,
3280 837 3396 882 cur
3439 819 3641 882 Amor
3686 818 3972 882 Triviam
4018 838 4054 883 6

416 954 574 1020 gyro
634 931 816 997 aerio
883 929 1263 993 devocatam
1316 926 1543 991 furtim
1602 926 1724 992 sub
1788 947 1953 991 saxa
2016 926 2274 992 Latmia
2330 927 2597 1010 releget.
2701 927 2845 992 Hac
2915 927 3334 1011 Endymionis
3409 928 3664 1008 fabula,
3745 931 4053 1013 quoniam

415 1053 483 1111 et
525 1045 605 1110 de
653 1041 995 1107 deficiente
1040 1045 1107 1104 et
1168 1038 1249 1104 de
1310 1039 1523 1122 prima
1574 1038 1732 1103 luna
1783 1039 2071 1122 cogitare
2129 1038 2303 1119 licet,
2362 1045 2578 1103 utram
2640 1046 2838 1123 poeta
2893 1039 3266 1122 significare
3318 1041 3625 1119 voluerit,
3684 1062 3806 1125 pro
3871 1047 4056 1107 certo

416 1178 544 1223 non
617 1158 893 1220 constat.
1003 1152 1255 1217 Deinde
1292 1152 1343 1235 ¹)
1410 1151 1607 1215 etiam
1682 1151 2054 1216 accuratius
2121 1149 2466 1229 describit,
2557 1171 2686 1233 qno
2764 1152 2910 1216 loco
2977 1152 3245 1235 reginae
3331 1172 3518 1217 coma
3586 1154 3759 1217 inter
3825 1160 4050 1219 cetera

419 1275 600 1334 astra
656 1266 925 1349 fulgeat.
1015 1262 1135 1328 His
1191 1262 1490 1328 omnibus
1548 1267 1767 1328 autem
1817 1262 1979 1327 locis
2040 1263 2251 1327 oratio
2317 1263 2458 1327 sine
2513 1262 2652 1327 ulla
2712 1264 2910 1327 animi
2970 1263 3250 1328 elatione
3310 1270 3509 1347 atque
3561 1265 3810 1348 impetu
3864 1266 4054 1348 quasi

418 1402 536 1465 per
578 1379 847 1444 humum
893 1376 1101 1460 serpit
1143 1394 1354 1458 neque
1399 1374 1755 1458 quidquam
1801 1374 1981 1439 aliud
2022 1373 2231 1439 habes
2275 1375 2402 1439 nisi
2447 1374 2843 1439 fabularium
2875 1375 3206 1440 nominum
3251 1376 3559 1441 tinnitum
3606 1382 3672 1440 et
3713 1377 4052 1442 scientiam

417 1494 482 1557 in
526 1490 883 1567 versiculos
930 1493 1222 1572 comptos
1267 1491 1466 1569 atque
1510 1485 1870 1570 perpolitos
1911 1486 2266 1551 redactam.
2357 1485 2547 1565 Quod
2595 1507 2749 1552 vero
2795 1487 3004 1571 ipsam
3053 1488 3410 1552 caesariem
3456 1488 3829 1571 loquentem
3875 1489 4051 1567 facit,

416 1607 627 1669 minus
673 1603 913 1667 mirum
956 1599 1303 1675 videbitur,
1349 1598 1403 1662 si
1449 1597 1686 1663 Catulli
1728 1618 1989 1662 carmen
2027 1597 2264 1662 LXVII
2306 1598 2701 1681 inspexeris»,
2760 1599 2875 1691 ubi
2936 1601 3136 1664 ianua
3197 1621 3342 1664 cum
3383 1600 3643 1665 homine
3687 1621 4049 1666 sermonem

417 1716 701 1782 instituit
747 1712 1266 1797 spurcissimum3
1325 1710 1441 1775 sed
1486 1710 1666 1774 hisce
1727 1709 2021 1775 artificiis
2076 1709 2251 1775 illius
2298 1711 2442 1774 aevi
2487 1715 2719 1793 poetas
2764 1711 3027 1795 saepius
3080 1732 3233 1776 usos
3275 1733 3416 1777 esse
3457 1713 3618 1776 satis
3658 1718 3886 1777 notum
3932 1720 4051 1778 est.

420 1828 558 1893 Sub
602 1826 795 1890 finem
838 1824 1141 1889 carminis
1181 1822 1521 1905 reginae2)
1567 1842 1771 1901 coma,
1837 1822 2106 1900 utinam,
2151 1821 2393 1904 inquit,
2440 1821 2525 1886 ad
2569 1830 2769 1906 caput
2811 1823 3062 1905 regium
3102 1822 3319 1888 redire
3339 1824 3626 1907 possem,
3674 1825 3776 1889 cui
3824 1830 4054 1908 erepta

427 1960 567 2003 sum
609 1976 696 1986 -—
736 1958 845 2001 vos
890 1935 1149 2019 reliqua
1192 1934 1410 1999 sidera
1452 1933 1607 1998 licet
1649 1933 2122 2017 perturbemini
2166 1935 2262 1998 ita
2305 1938 2380 1998 ut
2423 1917 2620 1998 Orion
2667 1935 2854 1999 iuxta
2901 1934 3364 2019 Hydrochoum
3401 1935 3653 2000 luceat!

728 2049 935 2113 Nimis
980 2068 1137 2112 sane
1179 2046 1403 2111 inania
1447 2051 1514 2110 et
1556 2046 1797 2128 frigida
1841 2046 2007 2110 haec
2049 2047 2265 2110 omnia
2308 2050 2507 2128 atque
2554 2046 2752 2111 ieiuni
2797 2048 3040 2130 ingenii
3088 2068 3232 2112 esse
3276 2046 3732 2124 iudicaremuS‚
3780 2049 3834 2113 si
3880 2051 4052 2113 serio

419 2168 676 2245 poetam
724 2161 945 2226 dicere
991 2163 1349 2239 constaret3
1397 2156 1510 2223 sed
1556 2179 1636 2223 ea
1677 2158 1824 2242 ipsa
1866 2179 1939 2223 re
1985 2158 2159 2241 quod
2204 2158 2394 2226 nimis
2440 2158 2749 2240 gravibus
2794 2158 3011 2223 verbis
3075 2161 3629 2224 consecrationem
3673 2160 3853 2224 illam
3900 2181 4049 2224 con-

419 2276 751 2356 queritur,
819 2272 1043 2337 ludere
1107 2277 1307 2354 atque
1360 2271 1564 2334 iocari
1630 2270 2110 2353 comprobatur.
2200 2270 2432 2351 Itaque
2488 2271 2792 2351 quoniam
2860 2272 3000 2334 sine
3051 2270 3404 2335 festivitate
3465 2272 3744 2354 quadam
3772 2322 3786 2345 ,
3854 2293 4048 2354 quam

420 2387 475 2449 si
523 2407 651 2450 non
691 2386 755 2448 in
803 2404 1129 2463 sermone,
1192 2389 1262 2447 at
1309 2388 1486 2447 certe
1543 2383 1612 2447 in
1656 2383 1858 2447 totins
1903 2383 2207 2446 carminis
2251 2382 2662 2446 institutione
2726 2388 2926 2464 atque
2984 2383 3236 2446 ratione
3293 2382 3606 2447 latentem
3651 2383 4048 2466 deprehendi

420 2504 741 2580 putamus,
790 2517 1002 2579 neque
1048 2497 1306 2560 omnino
1352 2494 1642 2559 futurum
1692 2494 1892 2560 fuisse
1936 2500 2011 2559 ut
2056 2495 2418 2577 susciperet
2462 2514 2670 2576 neque
2717 2500 3039 2558 tractaret
3074 2493 3509 2559 Callimachus
3553 2516 3765 2577 neque
3811 2494 4050 2559 subtile

420 2608 657 2673 Catulli
700 2608 1034 2689 ingenium
1078 2628 1156 2671 ea
1198 2628 1269 2671 re
1311 2606 1769 2685 delectaretur,
1814 2606 1968 2671 mihi
1997 2626 2382 2690 persuasum
2429 2611 2542 2680 est,
2586 2606 2914 2687 patienter
2948 2605 3235 2671 feramus
3264 2606 3566 2671 frivolum
3610 2606 3788 2671 illum
3837 2607 4049 2689 splen-

418 2720 665 2797 dorem,
695 2717 1042 2783 dummodo
1076 2740 1154 2783 36
1189 2719 1397 2801 fugiat
1426 2740 1543 2782 nos
1572 2718 1773 2802 lepos,
1821 2740 1949 2801 quo
1976 2724 2313 2800 tamqnam
2344 2716 2479 2782 sale
2513 2715 2715 2791 cibuS,
2747 2719 3199 2801 perspergitur
3229 2724 3370 2782 tota
3401 2720 3773 2801 narratio3).
3821 2718 4048 2782 Nonne

417 2830 657 2895 multas
698 2852 804 2895 res
849 2831 1133 2895 humana
1178 2832 1393 2914 specie
1452 2831 1717 2896 indutas
1769 2835 1966 2913 atque
2015 2830 2360 2913 loquentes
2420 2829 2569 2892 inde
2630 2830 2714 2894 ab
2780 2830 3039 2893 Horatii
3092 2829 3216 2893 fico
3274 2850 3482 2912 usque
3545 2830 3627 2893 ad
3696 2831 4047 2913 malignam

418 2944 701 3008 Uraniae
747 2944 997 3009 febrem
1053 2943 1225 3027 apud
1283 2943 1695 3028 Molierum4)
1754 2944 2088 3027 patimur?
2176 2943 2380 3006 Paulo
2429 2947 2650 3007 tamen
2718 2943 3006 3027 ineptius
3070 2947 3170 3006 est
3226 2943 3402 3025 quod
3459 2963 3645 3006 coma
3706 2944 3902 3006 etiam
3946 2943 4050 3006 ira

418 3061 740 3120 commota
789 3056 1204 3121 vehementer
1247 3057 1314 3120 in
1356 3056 1649 3120 forficem
1692 3057 2035 3134 invehitur,
2082 3056 2322 3138 quippe
2371 3074 2539 3136 quae
2586 3053 2665 3117 de
2712 3056 2892 3137 regio
2935 3055 3150 3137 capite
3186 3053 3494 3137 capillum
3531 3054 3838 3118 desecare
3886 3075 4049 3117 ausa

417 3168 531 3232 sit!
580 3206 665 3215 -—
710 3188 880 3249 quae
925 3189 1030 3232 res
1076 3167 1269 3233 affert
1311 3168 1499 3234 nobis
1542 3168 1922 3232 memoriam
1958 3167 2307 3231 consimilis
2349 3166 2671 3248 poematis
2711 3166 3047 3230 artificiosi
3108 3171 3232 3229 The
3277 3171 3456 3244 Rape
3500 3174 3577 3245 os
3611 3173 3712 3229 (he
3752 3170 3916 3229 Loclc
3963 3166 4046 3230 ab

421 3277 786 3344 Alexandro
820 3279 995 3363 Pope
1023 3281 1382 3364 compositi.
1426 3318 1511 3329 --
1559 3280 1687 3344 Sed
1717 3280 1863 3362 quis
1890 3299 1960 3344 36
1988 3278 2163 3343 ferro
2194 3277 2484 3362 postulet
2514 3299 2655 3342 esse
2689 3299 2914 3361 parem
2936 3281 2966 3341 ⁶?
3035 3277 3130 3341 Ne
3167 3278 3381 3341 Athon
3412 3277 3690 3359 quidem,
3727 3293 4046 3341 summum

418 3396 701 3455 montem
750 3394 1057 3456 resistere
1099 3393 1410 3475 potuisse,
1458 3393 1801 3475 quominus
1829 3391 2067 3455 Persae
2127 3412 2364 3456 novum
2420 3411 2600 3455 mare
2639 3393 2952 3473 parerent
2995 3389 3408 3471 mediumque
3448 3409 3568 3471 per
3611 3389 3791 3453 illum
3840 3388 4047 3453 classe

418 3501 821 3567 veherentur.
922 3503 1091 3582 Quid
1138 3505 1339 3587 igitur
1383 3524 1633 3570 comam
1664 3504 1900 3582 valere,
1948 3525 2091 3567 cum
2139 3509 2327 3567 tanta
2371 3502 2547 3566 ferro
2582 3501 2936 3566 cederent?
2997 3501 3247 3565 Deinde
3294 3522 3334 3565 a
3362 3500 3522 3564 Jove
3564 3501 3747 3583 petit,
3792 3507 3866 3564 ut
3905 3501 4045 3564 uni·

414 3635 669 3679 versam
695 3613 1053 3700 Chalybum
1082 3623 1337 3698 gentem
1369 3616 1645 3694 excidat,
1692 3616 1804 3698 qui
1831 3623 2179 3699 postquam
2222 3615 2415 3697 primi
2445 3614 2604 3677 ferri
2637 3634 2833 3678 venas
2866 3612 3330 3677 subterraneas
3365 3613 3819 3695 quaesiverint,
3867 3612 4047 3675 dam-

414 3746 641 3790 nosum
689 3727 849 3792 illud
890 3727 1224 3792 metallum
1267 3730 1336 3792 in
1380 3729 1590 3792 lucem
1632 3727 2025 3812 protulerint
2045 3727 2133 3809 5);
2194 3745 2274 3789 36
2340 3726 2464 3790 hoc
2524 3725 2785 3807 quidem
2834 3725 2957 3788 nisi
3004 3727 3354 3809 εἰρωνείαν
3400 3724 3727 3806 quandam
3779 3723 4047 3787 subesse

416 3839 668 3916 statuis,
714 3838 870 3904 ferri
917 3845 1151 3922 potest.
1245 3842 1421 3905 Idem
1469 3840 1604 3905 fere
1651 3840 1732 3904 de
1776 3840 2030 3904 ratione
2075 3839 2388 3903 sentimus
2452 3858 2582 3919 qua
2627 3835 3066 3902 Callimachus
3124 3836 3193 3900 13
3248 3836 3444 3901 rebus
3497 3836 3833 3898 amatoriis
3892 3857 4047 3898 usus

415 3955 531 4014 est.
620 3949 918 4034 Namque
964 3951 1046 4017 de
1090 3952 1447 4018 Ptolemaei
1491 3952 1781 4016 discessu
1824 3952 1919 4016 ita
1963 3952 2116 4034 agit,
2163 3957 2237 4014 ut
2276 3970 2403 4013 non
2451 3956 2586 4014 tam
2633 3971 2750 4014 rex
2794 3970 2873 4013 ac
2913 3949 3192 4012 maritus
3235 3969 3430 4030 quam
3478 3953 3733 4012 amator
3780 3947 4046 4029 quidam

414 4061 641 4144 quales
686 4062 862 4146 apud
904 4063 1205 4129 Ovidium
1248 4063 1351 4128 vel
1404 4064 1815 4147 Propertium
1863 4069 2029 4141 sunt,
2072 4061 2408 4145 profectus
2451 4081 2591 4126 esse
2637 4061 2954 4125 videatur.
3045 4060 3261 4138 Quid?
3308 4059 3484 4142 quod
3530 4059 3728 4123 etiam
3773 4060 4048 4123 furtivo-

413 4196 555 4239 rum
603 4175 988 4257 gaudiorum
1034 4177 1307 4259 vestigia
1350 4176 1565 4241 adhuc
1609 4180 1962 4260 apparent,
2021 4180 2088 4239 et
2138 4173 2361 4257 puella
2416 4174 2484 4237 in
2526 4171 2769 4239 lectulo
2815 4171 3076 4236 deserto
3136 4173 3429 4254 quamvis
3474 4171 3710 4235 fortem
3757 4191 3837 4235 ac
3881 4177 4047 4235 stre-

414 4307 609 4351 nuam
698 4307 954 4370 semper
1036 4310 1104 4352 se
1181 4289 1590 4371 praestiterit
1657 4287 1944 4353 lacrimis
2017 4286 2421 4351 consumitur
2480 4290 2677 4367 atque
2755 4283 3081 4348 desiderio
3143 4284 3475 4348 amatoris.
3579 4281 3807 4365 Neque
3877 4284 4046 4347 enim

413 4398 856 4463 Ptolemaeum
900 4400 1301 4483 reipublicae
1345 4401 1560 4482 gratia
1604 4400 1689 4463 ad
1729 4399 1890 4462 fines
1915 4398 2171 4481 imperii
2199 4396 2626 4482 proferendos
2673 4397 3044 4480 profectum
3092 4416 3234 4460 6336
3277 4395 3603 4474 meminit,
3656 4401 3855 4478 atque
3901 4415 4045 4458 cum

412 4510 847 4592 potentissimi
892 4513 1065 4595 regis
1106 4511 1586 4596 magnanimam
1626 4531 1895 4575 uxorem
1934 4509 2201 4574 doceret
2243 4508 2497 4593 precari
2545 4512 2620 4571 ut
2648 4507 2923 4573 Bellona
2969 4509 3027 4572 ei
3071 4507 3339 4584 faveret,
3384 4507 3451 4571 id
3502 4528 3699 4571 unum
3733 4505 4046 4570 libamen-

727 4847 775 4914 l)
812 4845 928 4899 VV.
967 4848 1035 4899 63
1058 4861 1182 4914 sqq.

723 4937 775 5000 2)
814 4932 875 4984 V.
919 4933 987 4985 93
1002 4946 1086 5001 sq.

722 5023 772 5086 3)
813 5018 880 5073 cf.
920 5018 1131 5085 Cicero,
1168 5018 1252 5072 De
1290 5019 1438 5073 Orat.
1481 5018 1524 5084 1,
1563 5021 1649 5072 34.

721 5109 775 5172 4)
812 5106 1060 5161 Femmes
1100 5105 1382 5170 Savantes,
1422 5103 1521 5168 111,
1559 5106 1609 5155 7.

721 5193 773 5254 5)
813 5191 879 5245 cf.
921 5191 1056 5246 Hor.
1093 5191 1181 5245 Illi
1219 5189 1388 5245 robur
1424 5197 1478 5244 et
1515 5204 1608 5244 aes
1661 5190 1867 5258 triplex
1917 5187 2064 5242 circa
2099 5195 2292 5255 pectus
2346 5195 2486 5242 erat.
