4716 5842
2170 414 2215 485 9

386 647 522 692 rem
568 625 839 708 spirant,
886 621 1002 686 sed
1048 621 1245 686 etiam
1293 640 1687 703 quamquam
1737 617 1824 683 ad
1868 619 2209 683 veritatem
2256 614 2475 683 omnia
2521 616 2700 682 vides
2733 638 3068 701 expressa,
3110 640 3362 684 summa
3407 625 3549 684 arte
3594 626 3746 685 sunt
3788 619 4013 704 polita.
4127 614 4134 619 ’

380 739 530 818 Quo
575 735 832 801 accedit
875 733 1058 798 varia
1101 753 1320 797 rerum
1380 737 1447 796 et
1489 750 1905 795 numerorum
1969 731 2157 814 copia
2214 729 2453 813 quibus
2504 728 2888 813 plerumque
2933 751 3245 815 prospere
3288 731 3514 808 utitur,
3559 737 3758 815 atque
3801 732 3895 796 ita
3941 738 4015 796 ut

386 870 574 915 suam
622 852 838 913 servet
879 852 1184 911 naturam
1227 843 1848 928 proprietatemque.

699 962 1011 1024 Attamen
1065 954 1370 1039 quoniam
1440 955 1638 1019 etiam
1712 952 2039 1018 Catullum
2089 954 2392 1018 maximis
2449 953 2860 1037 potissimum
2934 953 3330 1019 carminibus
3398 955 3694 1040 exempla
3759 955 4015 1021 Graeca

384 1078 685 1138 secutum
732 1091 874 1135 esse
917 1068 1076 1135 satis
1119 1073 1336 1153 patet,
1397 1087 1478 1131 ne
1534 1066 1674 1131 eius
1719 1064 1981 1149 quidem
2027 1066 2319 1130 carmina
2364 1065 2632 1130 summis
2677 1065 2804 1130 illis
2848 1066 3023 1130 vitiis
3071 1087 3198 1131 non
3240 1065 3573 1147 laborant,
3620 1089 3898 1150 quorum
3945 1068 4012 1132 in

392 1182 978 1249 Alexandrinorum
1022 1181 1344 1266 poematis
1402 1198 1523 1244 nos
1576 1178 1819 1243 taedet.
1910 1176 2039 1242 Sed
2098 1177 2178 1242 de
2231 1178 2333 1242 his
2389 1177 2561 1242 infra
2615 1177 2827 1243 fusius
2887 1198 3175 1261 agemus.
3264 1178 3407 1244 Hoc
3462 1179 3607 1244 loco
3650 1179 3720 1244 id
3758 1185 4012 1245 tantum

386 1295 478 1360 ad
515 1316 651 1360 rem
693 1295 874 1359 illam
923 1291 1378 1378 explicandam
1424 1298 1623 1375 atque
1671 1290 2109 1355 excusandam
2157 1289 2493 1370 addimuS,
2562 1290 2760 1354 etiam
2807 1311 2960 1355 vero
3006 1291 3472 1373 ingenioseque
3516 1296 3750 1375 poetae
3811 1290 4015 1376 lyrico

388 1406 1061 1491 splendidissimisque
1090 1403 1391 1488 praedito
1422 1403 1867 1481 facultatibus,
1910 1424 2057 1467 cum
2094 1403 2343 1466 iuvenis
2378 1407 2567 1481 esset,
2613 1402 2932 1467 rationem
2971 1401 3172 1468 fuisse
3203 1402 3575 1468 habendam
3619 1403 3756 1468 eius
3801 1404 4016 1487 poesis

393 1519 668 1603 generis,
713 1517 889 1603 quod
934 1517 1045 1582 illo
1080 1523 1376 1599 tempore
1405 1514 1687 1598 vigebat,
1733 1521 1801 1580 et
1848 1514 1970 1579 nisi
2003 1521 2424 1598 praematuro
2471 1514 2654 1579 obitu
2697 1514 2930 1579 fuisset
2974 1514 3306 1599 abreptuS,
3352 1515 3761 1598 provectiore
3797 1518 4015 1579 aetate

390 1632 594 1697 animi
637 1631 1002 1714 imperante
1046 1627 1293 1712 impetu
1339 1628 1596 1693 vincula
1638 1625 1754 1692 illa
1796 1633 2073 1692 naturae
2114 1625 2548 1710 repugnantia
2593 1647 3016 1691 excussurum
3061 1625 3282 1692 fuisse.

2119 1968 2290 2047 11.

702 2160 891 2241 Quod
935 2160 1647 2241 Goethiusssontendit,
1694 2168 1761 2225 et
1808 2158 2110 2243 gentibus
2154 2165 2222 2237 et
2262 2159 2420 2224 totis
2463 2159 2724 2243 populis
2769 2179 3232 2243 nonnunquam
3277 2161 3451 2226 viros
3496 2162 3675 2226 nasci
3710 2161 4018 2244 singulm,

390 2275 460 2339 in
503 2295 668 2358 quos
712 2276 916 2339 totius
961 2274 1173 2356 gentis
1217 2278 1286 2338 et
1328 2272 1730 2357 reipublicae
1764 2272 2039 2338 virtutes
2085 2258 2169 2337 ac
2206 2272 2368 2336 vitia
2412 2272 2600 2356 quasi
2646 2272 2714 2335 in
2760 2293 2959 2337 unum
3003 2292 3241 2357 corpus
3287 2273 3606 2338 coaluisse
3653 2273 4017 2351 videantur,

392 2386 461 2451 id
505 2387 572 2451 in
611 2387 1031 2469 antiquorum
1076 2391 1143 2450 et
1184 2385 1252 2449 in
1294 2385 1731 2450 recentiorum
1777 2383 1975 2448 rebus
2019 2390 2154 2448 tam
2206 2404 2404 2468 saepe
2450 2383 2707 2459 accidit,
2754 2389 2827 2448 ut
2885 2405 2926 2448 a
2969 2405 3120 2449 vero
3164 2383 3328 2450 illud
3358 2385 3621 2450 minime
3658 2385 4017 2451 abhorrere

394 2499 558 2564 satis
602 2498 875 2577 eluceat,
922 2518 1043 2563 nec
1087 2498 1441 2581 quicquam
1496 2497 1583 2560 sit
1626 2496 1870 2578 negotii
1913 2494 2083 2561 tales
2127 2494 2365 2561 afferre
2412 2496 2610 2573 vitos,
2655 2496 2769 2578 qui
2812 2496 3052 2561 aetatis
3097 2517 3254 2561 suae
3299 2497 3627 2579 ingenium
3673 2504 3872 2580 atque
3920 2499 4016 2562 in-

386 2609 603 2675 dolem
650 2610 1036 2693 exprimant.
1124 2610 1340 2690 Atque
1396 2608 1442 2672 ii
1487 2606 1617 2672 illis
1677 2607 2086 2692 potissimum
2132 2607 2537 2691 temporibus
2584 2609 2864 2673 existere
2923 2607 3083 2673 mihi
3139 2607 3460 2688 videntur,
3522 2630 3692 2692 quae
3733 2610 4017 2692 insignia

388 2727 545 2786 sunt
588 2727 706 2786 aut
748 2720 981 2786 studiis
1023 2721 1091 2785 in
1135 2719 1397 2786 easdem
1443 2741 1700 2804 semper
1741 2740 1846 2785 res
1892 2721 2219 2784 conversis
2263 2725 2381 2785 aut
2418 2719 2786 2785 litterarum
2821 2721 3045 2804 inopia
3076 2720 3362 2803 quadam
3408 2727 3607 2803 atque
3650 2721 4017 2787 sterilitate.
4101 2728 4108 2733 '

388 2832 523 2898 Sed
568 2833 765 2898 etiam
811 2838 951 2898 tum
998 2854 1145 2898 cum
1185 2833 1557 2898 litterarum
1620 2831 1839 2897 studia
1898 2831 2118 2914 vigent
2156 2853 2237 2898 ac
2294 2833 2565 2907 florent,
2629 2832 2958 2898 interdum
3013 2832 3089 2898 fit
3146 2839 3222 2898 ut
3267 2834 3553 2899 existant
3598 2834 3711 2917 qui
3757 2855 3796 2898 a
3843 2834 4018 2899 simi·

330 3004 344 3019 ,
390 2945 548 3011 lium
591 2945 1028 3027 multitudine,
1072 2946 1198 3010 nisi
1240 2945 1649 3030 praestantia
1694 2950 1892 3028 atque
1937 2964 2164 3009 earum
2223 2965 2445 3009 rerum
2491 2966 2654 3027 quas
2703 2967 2851 3010 cum
2893 2945 2998 3011 his
3045 2947 3415 3011 communia
3455 2946 3773 3027 habeant,
3837 2947 4017 3012 haud

388 3056 718 3123 differant.
810 3057 985 3123 Satis
1032 3065 1134 3123 est
1180 3058 1549 3123 nominasse
1609 3057 2001 3134 Lucianum,
2062 3056 2441 3134 Erasmum‚
2489 3056 2883 3135 Voltarium,
2944 3078 3220 3142 quorum
3279 3059 3554 3141 quisque
3608 3079 3778 3142 quae
3821 3057 4020 3124 fuerit

391 3170 764 3253 aequalium
810 3169 1197 3236 eruditionis
1244 3175 1311 3234 et
1351 3189 1607 3235 morum
1651 3189 1904 3234 summa
1948 3168 2143 3252 plane
2189 3167 2505 3235 declarat.
2594 3170 2690 3233 Ac
2734 3169 2787 3234 si
2822 3169 3296 3235 Alexandrinos
3345 3172 3815 3254 percensum-is,
3861 3193 4020 3254 quo-

390 3303 537 3346 rum
581 3303 616 3345 e
671 3283 933 3366 scriptis
977 3283 1207 3365 quales
1248 3282 1374 3365 ipsi
1422 3282 1664 3347 fuerint
1707 3280 1999 3346 iudicare
2037 3281 2212 3360 licet,
2257 3281 2368 3345 vix
2415 3280 2750 3346 dubitabis
2791 3281 2947 3362 quin
2993 3282 3276 3346 omnium
3325 3282 3465 3347 eius
3510 3284 3749 3348 aetatis
3793 3291 4020 3367 poeta·

392 3415 538 3459 rum
583 3393 1053 3477 doctorumque
1110 3395 1398 3459 virorum
1458 3394 1670 3458 instar
1724 3391 2065 3458 habendus
2124 3394 2212 3458 sit
2272 3392 2730 3458 Callimachus.
2819 3392 2950 3458 Sed
3008 3399 3366 3477 propterea
3408 3395 3570 3459 satis
3609 3394 3877 3459 difficile
3922 3403 4022 3460 est

392 3526 619 3571 verum
663 3505 1036 3588 iustumque
1078 3507 1161 3572 de
1205 3527 1281 3571 eo
1326 3505 1546 3570 facere
1589 3504 1919 3582 iudicium,
1966 3504 2143 3588 quod
2187 3510 2254 3570 et
2308 3506 2611 3571 omnibus
2667 3505 3038 3570 litterarum
3089 3505 3390 3589 partibus
3437 3527 3705 3590 operam
3742 3508 4021 3585 navavit,

386 3623 461 3683 et
513 3637 711 3702 saepe
754 3637 975 3683 secum
1051 3624 1302 3702 pugnat
1346 3623 1545 3702 atque
1592 3617 1756 3683 adeo
1802 3615 1928 3681 sibi
1972 3637 2101 3682 non
2145 3622 2436 3696 constat,
2480 3622 2556 3682 ut
2601 3617 2940 3682 sententiis
2981 3617 3082 3682 vel
3127 3618 3406 3683 maxime
3464 3619 3809 3683 contrariis
3856 3640 4020 3702 quas

390 3730 515 3795 viri
570 3729 747 3795 docti
787 3729 868 3794 de
915 3749 991 3794 eo
1036 3729 1347 3809 tulerunt,
1392 3730 1753 3794 auctoritas
1800 3728 2123 3812 quaedam
2168 3728 2257 3793 sit
2298 3727 2708 3793 vindicanda.
2800 3730 3118 3808 Quoniam
3176 3736 3394 3795 autem
3441 3730 3823 3814 Cyrenensis
3866 3750 4022 3813 poe-

388 3846 500 3906 tae
544 3842 874 3924 ingenium
914 3863 1061 3907 cum
1106 3841 1190 3907 ad
1236 3861 1491 3907 omnem
1550 3841 1991 3906 Romanorum
2046 3842 2276 3924 poesin
2335 3846 2476 3905 tum
2533 3840 2618 3905 ad
2675 3840 2948 3920 Catulli,
3009 3840 3334 3925 Propertii
3358 3892 3373 3921 ,
3437 3841 3676 3906 Tibulli
3733 3843 4022 3907 carmina

394 3952 686 4035 elegiaca
725 3955 993 4020 maximi
1034 3953 1235 4020 fuisse
1281 3953 1593 4019 momenti
1635 3953 1702 4017 in
1749 3953 2100 4037 propatulo
2143 3959 2261 4032 est,
2307 3951 2609 4020 omnibus
2653 3952 3060 4037 temporibus
3101 3953 3368 4018 fuerunt
3412 3954 3525 4036 qui
3571 3954 4024 4036 gravissimam

392 4064 574 4130 illam
617 4066 1065 4147 quaestionem
1112 4071 1467 4146 moverent,
1508 4085 1630 4131 nec
1680 4064 1852 4130 forte
1895 4085 2181 4148 unquam
2226 4085 2499 4148 prorsus
2549 4064 2904 4149 disceptari
2945 4066 3224 4149 poterit,
3287 4087 3435 4130 cum
3485 4064 3706 4149 parvis
3766 4072 4025 4132 tantum

390 4175 780 4261 fragmentis
824 4176 1136 4242 iudicium
1179 4183 1475 4243 nostrum
1520 4178 1789 4243 nitatur.
1878 4175 2161 4241 Difficile
2207 4177 2378 4241 enim
2423 4198 2584 4254 osse,
2629 4183 2747 4241 aut
2790 4183 2864 4241 ut
2905 4177 3120 4242 verius
3148 4176 3380 4256 dicam,
3428 4178 3687 4243 omnino
3729 4178 3837 4242 vix
3880 4177 4024 4243 fieri

390 4310 603 4374 posse,
650 4295 726 4355 ut
766 4288 1100 4373 ingenium
1143 4289 1580 4372 virtutemque
1625 4288 2005 4356 Callimachi
2061 4289 2289 4372 paucis
2334 4288 2819 4373 complectaris,
2877 4288 3235 4371 intelliges,
3294 4289 3350 4354 si
3411 4288 3480 4354 in
3532 4290 3809 4355 aliorum
3873 4311 4027 4373 gen-

390 4401 559 4468 tium
615 4401 853 4467 litteris
911 4401 1148 4466 similia
1209 4401 1641 4483 quaesiveris,
1701 4422 1914 4484 neque
1977 4400 2147 4465 enim
2207 4421 2601 4484 quemquam
2659 4399 2948 4466 invenies
3008 4421 3202 4484 quem
3245 4421 3392 4466 cum
3436 4401 3565 4467 hoc
3604 4402 3742 4467 viro
3787 4401 4025 4467 Proteo

399 4509 722 4578 simillimo
760 4514 933 4579 iuste
979 4513 1277 4580 conferre
1300 4514 1532 4597 possis.
1603 4513 1782 4579 Idem
1831 4512 2176 4579 dicendum
2221 4518 2322 4578 est
2352 4512 2434 4577 de
2457 4513 2946 4596 comparatione
2998 4533 3146 4578 cum
3178 4512 3546 4579 Ronsardio
3592 4534 3635 4578 a
3677 4534 3779 4579 me
3825 4534 4026 4598 supra

398 4621 718 4702 instituta,
763 4643 1159 4710 quamquam
1211 4625 1404 4692 docto
1450 4626 1605 4692 huic
1650 4625 2279 4692 Franco-Gallorum
2317 4629 2556 4707 poetae
2613 4624 2793 4689 haud
2837 4645 3052 4708 pauca
3094 4645 3241 4690 cum
3284 4625 3397 4690 illo
3443 4631 3596 4691 sunt
3638 4626 4025 4702 communia,

398 4732 532 4799 sive
564 4733 846 4800 indolem
877 4743 1139 4820 spectas
1168 4740 1396 4823 ipsam,
1444 4741 1578 4805 sive
1611 4758 1917 4822 magnum
1949 4736 2125 4822 quod
2155 4735 2449 4801 habebat
2478 4741 2755 4819 uterque
2782 4735 2869 4802 ad
2895 4737 3153 4802 litteras
3184 4736 3575 4802 excolendas
3605 4743 4023 4804 momentum.

392 4843 568 4911 Nam
613 4845 984 4930 quicunque
1033 4849 1246 4932 qualis
1287 4850 1487 4917 fuerit
1511 4850 1758 4917 saeculi
1788 4849 1955 4914 XVI.
1999 4849 2373 4914 litterarum
2404 4848 2716 4928 condici0,
2762 4868 2893 4914 non
2935 4848 3214 4932 ignorat,
3260 4847 3716 4929 Ronsardium,
3759 4850 4027 4915 Antonii

396 4956 639 5023 Mureti
691 4959 1006 5040 amicum,
1073 4981 1220 5025 cum
1274 4962 1577 5047 Europae
1641 4963 1837 5029 terris
1894 4961 1981 5027 ad
2038 4961 2442 5026 occidentem
2502 4960 2954 5043 spectantibus
3009 4960 3379 5044 peragratis
3439 4981 3748 5045 magnum
3806 4983 4024 5028 rerum

394 5090 585 5136 usum
627 5070 1179 5156 prudentiamque
1220 5073 1347 5139 sibi
1393 5082 1715 5158 parasset,
1760 5073 1946 5140 libris
1986 5073 2195 5139 omnis
2238 5073 2614 5138 litterarum
2659 5072 2915 5156 generis
2956 5072 3343 5156 conscriptis
3388 5078 3455 5137 et
3494 5073 3717 5140 multis
3760 5094 4023 5159 poema-

388 5179 500 5261 tis,
545 5201 715 5264 quae
759 5189 828 5250 et
868 5184 1182 5252 obsoletis
1222 5191 1289 5251 et
1332 5186 1516 5252 novis
1557 5186 2000 5268 inauditisque
2044 5183 2484 5250 locutionibus
2522 5183 2893 5268 turgebant,
2940 5185 3342 5268 compositis,
3388 5191 3701 5252 nanctum
3746 5206 3906 5264 esse,
3953 5191 4028 5250 ut

3269 5291 3303 5341 2
