4716 5842
2206 384 2298 458 13

736 593 963 676 Neque
1006 611 1161 656 vero
1206 591 1485 669 omnino,
1532 589 1706 673 quod
1750 590 1881 654 iam
1927 611 2128 673 supra
2171 590 2553 667 monuimus,
2598 596 2882 673 poetam,
2944 591 3128 655 cuius
3187 611 3268 654 ex
3315 589 3623 674 operibus
3667 591 4065 673 paucissima

424 707 776 793 supersint,
822 724 1131 789 spernere
1175 702 1350 782 licet,
1396 709 1461 767 et
1504 702 1890 786 hymnorum
1936 702 2048 784 qui
2093 701 2179 766 ad
2222 722 2340 766 nos
2384 707 2858 785 pervenerunt,
2907 700 3036 766 duo
3082 702 3269 767 nobis
3314 709 3450 767 tam
3497 703 3742 785 egregii
3785 722 3927 768 esse
3968 703 4061 767 vi-

424 821 680 897 dentur,
726 824 803 883 ut
844 815 1315 882 Callimachum
1359 834 1488 879 non
1532 813 1726 879 modo
1768 814 1978 878 virum
1999 812 2262 878 doctum
2280 815 2329 897 ¹)
2379 818 2496 878 aut
2521 812 3033 879 versificatorem
3081 812 3301 893 fuisse,
3347 812 3462 879 sed
3490 813 3812 879 nobiliore
3842 814 4064 898 palma

424 933 660 1015 dignus
708 949 850 995 esse
890 933 1230 1012 appareat.
1321 927 1480 1005 Quis
1527 927 1697 991 enim
1743 931 1843 990 est
1888 926 2000 1009 qui
2043 946 2175 990 non
2219 924 2585 990 delectetur
2637 925 2748 1003 iis,
2807 945 2977 1008 quae
3035 924 3118 990 de
3176 924 3551 990 dulcissima
3594 926 3809 990 Diana
3851 925 4061 990 infan-

423 1045 567 1110 tula
609 1048 747 1107 tam
791 1040 1100 1117 suaviter,
1141 1043 1459 1120 tantoque
1505 1037 1704 1102 animi
1749 1036 2005 1103 fervore
2054 1035 2393 1102 fabulatur
2412 1037 2485 1120 2),
2533 1044 2600 1102 et
2644 1038 2951 1102 carminis
2995 1036 3170 1101 illius
3209 1040 3331 1117 Εἰς
3369 1037 3641 1122 Λουτρά
3689 1037 4062 1119 Πάλλαδος,

425 1155 601 1239 quod
634 1153 920 1219 medium
964 1152 1239 1216 interest
1285 1151 1456 1215 inter
1500 1149 1858 1232 elegiacum
1906 1170 2108 1231 genus
2167 1156 2233 1214 et
2277 1150 2717 1233 hymneticum
2740 1200 2754 1229 ,
2818 1170 2894 1214 eo
2940 1149 3084 1214 loco
3103 1149 3158 1233 3)
3222 1149 3336 1214 ubi
3382 1150 3699 1215 Tiresiam
3745 1151 4060 1229 iuvenem,

427 1288 573 1332 cum
613 1266 972 1331 Tritoniam
1018 1261 1295 1327 necdum
1341 1262 1819 1344 conspexisset,
1878 1260 2232 1326 luminibus
2275 1261 2577 1327 orbatum
2617 1282 2758 1326 esse
2809 1264 3085 1326 narrat?
3171 1260 3274 1325 Ibi
3338 1262 3509 1326 enim
3562 1261 3772 1326 oratio
3829 1263 4062 1327 leviter

430 1378 572 1443 fluit
614 1398 693 1442 ac
738 1374 1110 1453 commode,
1154 1394 1369 1439 sermo
1413 1380 1632 1439 autem
1677 1379 1752 1438 ut
1793 1380 1893 1438 est
1936 1374 2152 1455 gravis
2212 1374 2309 1438 ita
2347 1374 2622 1457 simplex
2675 1379 2743 1437 et
2797 1374 3124 1454 sincerus3
3183 1378 3382 1456 atque
3442 1394 3835 1456 quamquam
3885 1374 4063 1438 circa

425 1491 628 1574 ipsius
672 1489 890 1554 balnei
938 1486 1196 1570 singula
1239 1486 1500 1565 haeret,
1560 1492 1781 1550 tamen
1824 1484 2065 1568 pudica
2126 1492 2279 1551 sunt
2322 1486 2540 1550 omnia
2589 1506 2801 1569 neque
2853 1487 3204 1569 quicquam
3247 1485 3496 1550 habent
3539 1485 3769 1569 putidi.
3857 1485 4062 1549 Immo

424 1624 576 1667 vero
620 1602 748 1666 nisi
790 1599 961 1665 forte
999 1599 1318 1664 crassiore
1356 1599 1567 1663 utaris
1596 1597 1906 1675 Minerva,
1950 1598 2169 1662 facere
2212 1620 2342 1663 nou
2373 1600 2623 1683 poteris
2670 1599 2825 1682 quin
2871 1599 3084 1663 lenem
3130 1597 3456 1680 quendam
3499 1599 3702 1662 risum
3747 1599 3812 1661 in
3856 1597 4061 1663 labris

423 1720 661 1798 poetae
727 1712 1039 1776 latentem
1093 1711 1591 1775 animadvertas.
1681 1709 1828 1774 Huc
1888 1710 1942 1775 si
2002 1731 2305 1775 numeros
2372 1710 2656 1777 molliter
2716 1716 3148 1794 properantes
3207 1710 3700 1793 elegantemque
3757 1730 4061 1775 versuum

426 1826 752 1889 rationem
790 1822 1244 1901 addiderimus,
1293 1844 1462 1906 quae
1509 1823 1575 1886 in
1620 1821 1746 1887 hoc
1791 1827 1968 1887 certe
2017 1822 2253 1907 epyllio
2301 1844 2341 1887 a
2385 1824 2583 1887 variis
2629 1823 2827 1887 animi
2873 1821 3221 1888 affectibus
3263 1821 3774 1905 haudquaquam
3820 1822 4062 1887 discre-

430 1941 579 2018 pat,
646 1935 815 1999 hunc
857 1935 1069 2000 locum
1112 1936 1179 1999 in
1224 1934 1696 2000 venustissimis
1758 1934 1869 2017 qui
1928 1933 2186 1999 faustae
2234 1930 2533 1999 fortunae
2598 1933 2911 2000 beneficio
2975 1934 3055 1998 de
3121 1935 3304 2018 poesi
3365 1933 3806 1999 Alexandrina
3871 1934 4061 2000 nobis

432 2047 667 2110 servati
713 2053 878 2123 sunt,
924 2067 1269 2111 numerare
1313 2068 1441 2111 non
1487 2046 1953 2111 dubitabimus.
2760 2041 2769 2051 ’

736 2159 876 2223 Iam
920 2158 1002 2222 iis
1046 2179 1212 2241 quae
1254 2159 1592 2241 hucusque
1637 2158 2169 2224 adumbravimus
2209 2179 2286 2239 eo
2329 2160 2762 2242 pervenimuS,
2813 2159 2986 2224 unde
3031 2178 3183 2223 mox
3227 2158 3312 2223 ad
3359 2158 3686 2223 Romanos
3731 2158 3948 2223 redire
3995 2165 4062 2222 et

425 2269 508 2334 ad
565 2270 894 2334 Catullum
950 2270 1163 2352 ipsum
1225 2270 1693 2354 pedetemptim
1755 2271 2068 2335 accedere
2130 2270 2371 2335 licebit.
2481 2272 2740 2349 Quanto
2795 2271 2963 2335 enim
3035 2271 3101 2335 in
3169 2270 3416 2335 honore
3490 2277 3726 2353 poetae
3789 2270 4060 2353 elegiaci

426 2374 848 2446 Alexandrini
892 2402 1037 2447 cum
1082 2383 1341 2447 omnino
1389 2383 1673 2465 antiquis
1718 2382 2148 2466 temporibus,
2212 2390 2351 2448 tum
2415 2381 2591 2467 apud
2637 2383 2837 2448 Italos
2882 2381 3157 2461 fuerint,
3221 2403 3349 2446 non
3397 2381 3604 2447 solum
3652 2402 3686 2447 e
3732 2381 4057 2446 nonnullis

426 2493 811 2557 Veronensis
856 2492 1275 2570 carminibus,
1322 2492 1437 2557 sed
1484 2495 1681 2559 etiam
1727 2514 1762 2558 e
1792 2494 2152 2578 Propertio,
2197 2494 2473 2573 Tibullo,
2520 2494 2767 2574 ovidio,
2820 2495 3116 2569 HoratiO,
3163 2500 3363 2577 atque
3408 2494 3825 2572 Quintiliano,
3874 2494 4058 2558 cuius

422 2603 661 2668 iudicio
705 2605 880 2687 quod
923 2608 1141 2668 exstat
1184 2604 1264 2681 X,
1315 2610 1367 2683 1,
1415 2610 1493 2670 53
1517 2628 1656 2689 sqq.
1700 2607 2003 2686 nitimur,
2067 2608 2262 2690 plane
2318 2609 2747 2689 cognoscitur.
2840 2607 3134 2690 Elegiam
3198 2613 3417 2671 autem
3465 2605 3938 2683 AlexandriniS,
3985 2612 4060 2670 ut

421 2716 518 2778 ita
563 2716 798 2791 dicam,
840 2715 1121 2798 patriam
1168 2716 1368 2781 fuisse
1411 2719 1512 2781 vel
1556 2720 1959 2801 provinciam
2001 2721 2282 2784 maxime
2328 2719 2660 2798 idoneam,
2709 2742 2856 2784 cum
2903 2719 3157 2784 maiora
3201 2724 3389 2783 erant
3433 2717 3816 2800 attingenda
3861 2739 4058 2801 quam

426 2826 936 2909 epigrammata,
1000 2847 1078 2891 ex
1124 2827 1203 2892 iis
1257 2849 1426 2910 quae
1487 2850 1687 2913 supra
1746 2831 1826 2895 de
1889 2832 2150 2913 ingenio
2211 2853 2434 2896 eorum
2499 2831 2972 2916 disputavimus
3033 2836 3328 2915 apparet.
3417 2830 3584 2894 Nam
3644 2851 3772 2913 quo
3817 2830 3946 2894 alio
3991 2830 4058 2892 in

427 2959 663 3020 genere
711 2938 1074 3022 diligentia,
1121 2941 1508 3020 eruditione,
1555 2944 1780 3008 sedulo
1826 2943 2061 3021 studi0,
2106 2946 2357 3009 intento
2402 2944 2657 3024 labore,
2723 2946 3089 3028 argumenti
3136 2943 3461 3022 ubertate,
3503 2943 3698 3028 plura
3739 2943 4058 3026 proficere

420 3051 776 3132 poterant?
864 3051 1099 3133 Itaque
1140 3059 1408 3136 praeter
1450 3054 1772 3120 Philetam
1820 3062 1886 3120 et
1930 3056 2398 3121 Callimachum
2432 3059 2706 3121 Aratum
2746 3078 3023 3140 quoque,
3072 3057 3507 3134 Theocritum,
3555 3054 4056 3139 Euphorionem,

424 3162 1040 3242 Hermesianactem,
1087 3163 1497 3245 Phanoclem,
1545 3167 1823 3249 denique
1870 3168 2310 3232 Alexandrum
2357 3169 2658 3234 Aetolum
2705 3169 2999 3251 elegiam,
3047 3170 3147 3234 vel
3192 3170 3411 3253 potius
3458 3168 3774 3236 ἐπύλλιον
3819 3168 4057 3250 elegia-

428 3293 570 3336 cum
614 3272 973 3339 excoluisse
1019 3275 1336 3343 audimus.
1426 3279 1585 3344 Cum
1646 3300 1800 3344 vero
1863 3280 2037 3363 apud
2081 3280 2557 3358 Alexandrum,
2604 3282 2775 3345 acris
2821 3281 3164 3364 facilisque
3209 3281 3451 3364 ingenii
3495 3281 3700 3344 virum
3724 3330 3738 3356 ,
3782 3281 4057 3344 mixtum

424 3382 582 3447 illud
626 3405 896 3467 poeseos
956 3407 1157 3469 genus
1218 3389 1493 3472 gliscens
1551 3390 1767 3457 adhuc
1823 3392 1927 3457 vel
1971 3413 2268 3458 crescens
2312 3393 2567 3473 videaS,
2630 3393 2805 3476 apud
2863 3392 3359 3470 Callimachum,
3418 3391 4055 3475 praestantissimum

421 3495 901 3561 condendorum
943 3518 1245 3564 versuum
1290 3501 1625 3581 artificem,
1671 3504 2035 3586 perfectum
2080 3504 2285 3569 habes
2332 3512 2531 3588 atque
2577 3505 2966 3570 absolutum.

736 3608 829 3672 Eo
868 3609 1069 3692 igitur
1111 3612 1447 3678 molestius
1509 3613 1779 3680 ferimus
1833 3616 2007 3699 quod
2072 3638 2152 3681 ne
2214 3617 2409 3681 huius
2469 3617 2731 3700 quidem
2793 3619 3053 3698 generis
3100 3624 3452 3700 supersunt
3495 3615 3850 3698 specimina
3894 3614 4055 3678 satis

420 3718 627 3783 multa
672 3719 757 3784 ad
802 3742 1023 3786 verum
1067 3723 1379 3788 indicium
1424 3725 1829 3807 faciendum3
1884 3728 2045 3792 nihil
2107 3729 2276 3792 enim
2320 3729 2621 3794 manibus
2663 3735 2961 3794 tenemus
3006 3730 3128 3793 nisi
3177 3726 3451 3812 Λουτρά
3501 3725 3871 3806 Πάλλαδος,
3913 3746 4054 3790 car·

421 3850 565 3893 men
609 3832 740 3896 iam
786 3854 988 3918 supra
1048 3854 1087 3898 a
1142 3856 1245 3900 me
1302 3844 1771 3916 memoratum,
1835 3845 1902 3904 et
1955 3841 2193 3923 exigua
2248 3840 2363 3905 illa
2424 3841 2522 3905 De
2566 3840 2766 3906 Coma
2809 3841 3157 3906 Berenices
3202 3840 3445 3922 elegia,
3488 3860 3683 3922 quam
3728 3838 4054 3902 Catullum

423 3963 474 4004 c.
522 3941 727 4008 LXVI
770 3946 930 4010 satis
974 3953 1282 4012 accurate
1329 3968 1365 4013 e
1410 3951 1662 4032 graecis
1708 3954 2105 4035 expressisse
2153 3959 2410 4018 constat
2431 3953 2509 4036 4).
2597 3953 2671 4018 In
2739 3959 2928 4018 tanta
2989 3959 3209 4018 autem
3251 3953 3671 4035 reliquiarum
3719 3951 4054 4033 paucitate

427 4051 699 4119 multum
744 4056 830 4120 ad
876 4057 1168 4141 elegiaca
1216 4061 1801 4127 Alexandrinorum
1848 4065 2087 4149 epyllia
2128 4064 2482 4129 iudicanda
2524 4085 2718 4149 posse
2758 4065 2985 4147 profici
3033 4086 3224 4129 nemo
3269 4071 3370 4129 est
3413 4065 3570 4148 quin
3611 4060 3848 4127 videat.

732 4167 958 4252 Neque
1004 4171 1353 4254 quicquam
1404 4173 1485 4237 de
1530 4174 1760 4239 horum
1808 4176 2266 4259 opusculorum
2312 4178 2563 4260 origine
2608 4182 3013 4260 compertum
3058 4177 3396 4254 habemuS,
3441 4182 3660 4240 utrum
3704 4175 3772 4238 in
3816 4175 4056 4258 παρέρ-

420 4302 562 4361 γων
608 4299 878 4344 numero
924 4302 1002 4345 ac
1045 4302 1393 4365 nugarum,
1450 4286 1672 4368 qualia
1733 4287 2082 4370 impigrum
2145 4287 2308 4354 illud
2362 4290 2688 4372 ingenium
2744 4288 2923 4354 haud
2987 4310 3201 4373 pauca
3247 4288 3494 4354 fudisse
3540 4286 3891 4353 verisimile
3936 4295 4054 4366 est,

418 4389 713 4471 putanda
757 4393 904 4471 sint,
950 4415 1035 4458 an
1080 4394 1355 4460 multum
1399 4416 1640 4479 operae
1684 4405 1750 4462 et
1791 4397 2037 4463 laboris
2079 4400 2147 4463 in
2201 4401 2282 4466 iis
2327 4408 2525 4485 poeta
2583 4403 3076 4485 consumpserit.
3169 4400 3311 4466 Hoc
3355 4421 3476 4485 pro
3524 4406 3705 4465 certo
3752 4403 4054 4463 constare

420 4498 678 4566 videtur
722 4502 803 4570 τὰ
844 4504 1119 4590 Λουτρά
1163 4507 1230 4571 in
1275 4506 1586 4573 honorem
1628 4529 1964 4575 sacrorum
2009 4513 2396 4595 Argivorum
2452 4533 2597 4578 eum
2646 4514 3119 4598 composuisse,
3180 4514 3382 4580 Coma
3427 4519 3646 4578 autem
3688 4510 4051 4588 Berenices,

419 4615 494 4674 ut
539 4618 685 4677 erat
740 4621 938 4698 poeta
996 4616 1278 4696 aulicus,
1336 4618 1711 4686 Ptolemaeo
1765 4623 2033 4705 eiusque
2093 4625 2282 4689 uxori
2336 4623 2638 4689 blandiri.
2729 4625 2784 4690 E
2851 4631 3218 4691 ceterorum
3264 4624 3647 4710 Cyrenensis
3694 4622 4052 4687 carminum

422 4722 892 4806 elegiacorum,
954 4749 1124 4811 quae
1183 4735 1469 4797 aetatem
1535 4754 1665 4798 non
1718 4734 2037 4814 tulerunt,
2099 4757 2139 4800 a
2190 4735 2412 4801 multis
2473 4742 2540 4801 et
2597 4736 3058 4802 laudatoribus
3138 4744 3204 4802 et
3279 4733 3830 4802 detrectatoribus
3910 4754 4051 4798 sae·

734 4937 781 5001 1)
820 4933 890 4986 cf.
928 4933 1072 4988 Guil.
1109 4934 1435 5006 Hertzberg,
1470 4941 1693 5005 Quaest.
1734 4939 1896 5009 Prop.
1940 4958 1993 5010 p.
2034 4944 2150 4996 189.

726 5021 779 5084 2)
817 5019 1013 5088 Hymn.
1052 5020 1156 5083 Εἰς
1194 5017 1329 5089 Ἀρι.
1366 5038 1413 5074 v.
1449 5025 1501 5076 4.
1553 5018 1630 5087 ὥς
1665 5043 1800 5079 ποτε
1836 5023 2049 5094 πατρὸς
2084 5023 2387 5096 ἐφεζομένη
2426 5024 2769 5098 wadnam,
2808 5037 2864 5085 et
2902 5045 3043 5098 quae
3076 5037 3396 5098 sequuntur,
3434 5030 3597 5085 etiam
3633 5043 3683 5081 v.
3716 5029 3782 5082 81
3801 5041 3919 5095 sqq.

736 5106 789 5172 3)
826 5105 1023 5175 Hymn.
1068 5106 1165 5168 Ele
1199 5106 1440 5175 Λουτρά.
1477 5124 1524 5160 v.
1563 5111 1769 5178 Sosqq.

729 5195 778 5252 4)
825 5190 894 5245 cf.
930 5192 1294 5249 Valckenaer.
1332 5194 1540 5248 Gallim.
1576 5193 1643 5249 fr.
1683 5196 1818 5264 eleg.
