4716 5842
2412 306 2457 375 6

610 507 981 573 litterarum
1023 508 1390 591 artiumque
1434 508 1660 574 florem
1708 528 1834 572 non
1862 507 2045 591 prius
2075 516 2526 591 pervenerunt,
2569 530 2767 593 quam
2809 531 2996 589 unus,
3049 511 3232 576 cuius
3264 511 3612 577 arbitrium
3655 533 3776 596 pro
3820 512 4075 597 legibus
4121 513 4241 578 ha-

614 619 898 685 bebatur
917 671 932 699 ,
977 621 1331 704 imperaret
1375 640 1692 702 omneque
1732 618 2220 703 recuperandae
2265 618 2665 703 reipublicae
2717 620 3003 685 studium
3050 623 3493 705 exstingueret
3533 622 3901 690 Ludovicus
3943 624 4238 708 Magnus.

924 731 1054 797 Sed
1098 752 1178 796 ne
1223 752 1434 815 aequo
1478 731 1739 815 longius
1768 730 2231 814 digrediamur,
2272 731 2656 815 priusquam
2701 731 2789 796 ad
2832 731 2902 796 id
2943 732 3120 814 quod
3178 733 3246 796 in
3289 732 3415 798 hac
3460 737 4002 802 commentatione
4048 737 4238 803 nobis

614 849 717 909 est
763 844 1170 928 propositum
1229 844 1596 922 veniamne,
1654 848 1876 908 nostro
1924 842 2164 907 iudicio
2208 843 2444 907 mirum
2505 864 2635 907 non
2694 849 2811 922 est,
2871 843 3047 926 quod
3090 843 3300 908 Roma
3364 844 3544 910 orbis
3601 854 3927 913 terrarum
3975 849 4240 913 domina

612 961 752 1021 tum
829 955 1087 1021 demum
1147 954 1387 1019 artium
1452 954 1809 1020 liberarum
1869 960 2154 1020 aetatem
2225 974 2494 1019 auream
2548 953 2800 1036 ingredi
2858 955 3100 1038 coepit,
3168 976 3316 1021 cum
3380 956 3720 1041 republica
3784 960 3853 1023 in
3917 981 4236 1044 praeceps

613 1066 771 1133 data
810 1068 1092 1152 primum
1137 1065 1399 1149 quidem
1444 1064 1782 1146 nobilitaS,
1831 1065 2111 1150 denique
2154 1087 2321 1131 unus
2364 1086 2682 1130 summam
2724 1087 2944 1131 rerum
2989 1067 3330 1151 arriperet.
3419 1070 3513 1133 Ac
3556 1070 3838 1154 populus
3886 1072 4237 1151 Romanae,

613 1179 723 1261 qui
771 1200 991 1244 omnes
1036 1184 1102 1243 et
1149 1177 1440 1261 corporis
1483 1183 1550 1243 et
1593 1179 1833 1261 ingenii
1891 1198 2047 1261 opes
2108 1198 2332 1242 eorum
2394 1197 2558 1260 quos
2611 1177 2963 1261 subegerat
3035 1179 3103 1243 in
3170 1200 3357 1245 suam
3398 1181 3823 1247 convertebat
3863 1183 4236 1259 utilitatem,

613 1291 941 1373 quomodo
988 1288 1234 1354 factum
1288 1290 1400 1368 sit,
1446 1295 1522 1354 ut
1580 1289 1800 1355 multis
1851 1295 2002 1373 post
2058 1288 2347 1355 Graecos
2395 1289 2672 1355 saeculis
2732 1289 3117 1356 eruditionis
3171 1291 3517 1375 cultusque
3582 1314 3904 1360 summum
3961 1295 4239 1378 gradum

612 1400 1013 1479 ascenderet,
1060 1422 1205 1466 cum
1248 1422 1284 1466 e
1329 1401 1527 1466 rebus
1571 1401 1772 1484 gestis
1816 1407 1957 1466 tum
2003 1422 2039 1466 e
2083 1407 2322 1466 natura
2367 1406 2434 1467 et
2475 1401 2693 1467 indole
2738 1403 2877 1467 eius
2918 1401 3113 1486 plane
3154 1404 3569 1488 perspicitur.
3658 1405 3956 1490 Namque
4000 1408 4239 1473 Roma-

610 1532 840 1578 norum
899 1513 1226 1596 ingenium
1272 1519 1593 1595 quatenus
1650 1534 1756 1577 res
1813 1534 2019 1597 usque
2076 1512 2161 1577 ad
2214 1512 2528 1579 historiae
2587 1513 2949 1597 primordia
3014 1515 3458 1598 integumento
3511 1515 3883 1583 fabularum
3946 1519 4237 1586 involuta

610 1625 916 1709 persequi
960 1645 1334 1709 possumus,
1396 1624 1527 1689 tale
1572 1624 1773 1690 fuisse
1814 1632 2127 1710 apparet,
2174 1631 2249 1689 ut
2295 1624 2382 1690 a‘d
2426 1625 2626 1690 vitam
2672 1645 3078 1691 communem
3121 1647 3362 1709 easque
3407 1633 3586 1694 artes
3631 1651 3800 1713 qnae
3828 1630 4024 1697 huius
4064 1633 4236 1698 vitae

612 1736 966 1801 commodis
1009 1736 1370 1801 inserviunt
1415 1737 1633 1802 omnia
1676 1736 1997 1802 referrent
2038 1736 2314 1820 ideoque
2386 1736 2694 1802 liberales
2753 1743 2932 1803 artes
2989 1758 3110 1822 pro
3157 1737 3481 1820 gravitate
3528 1761 3649 1804 sua
3692 1761 3773 1805 ac
3813 1742 4035 1807 ieiuna
4078 1765 4239 1827 qua-

612 1847 762 1912 dam
809 1849 1158 1913 severitate
1192 1854 1698 1914 contemnerent.
1789 1848 1977 1913 Unde
2022 1847 2270 1915 factum
2313 1855 2431 1927 est,
2477 1856 2550 1914 ut
2593 1848 2662 1912 in
2705 1847 2960 1914 duobus
3004 1849 3413 1933 potissimum
3459 1850 3824 1917 studiorum
3869 1855 4237 1937 generibus,

612 1980 781 2043 quae
828 1981 869 2024 a
913 1959 1087 2024 dulci
1134 1959 1563 2026 Camenarum
1623 1961 2012 2025 commercio
2077 1982 2233 2026 sane
2293 1960 2668 2043 longissime
2728 1959 2998 2039 absunt,
3064 1981 3320 2027 omnem
3369 1983 3637 2048 operam
3683 1963 4113 2046 collocarent,
4172 1967 4240 2032 in

608 2071 1122 2155 iurisprudentia
1184 2080 1249 2137 et
1301 2070 1456 2137 belli
1516 2071 1801 2151 artibuS,
1863 2093 2028 2155 quas
2085 2078 2223 2136 tam
2280 2071 2557 2155 impigre
2623 2079 2889 2155 tamque
2948 2093 3261 2157 prospere
3324 2075 3780 2156 excoluerunt,
3841 2082 3916 2142 ut
3984 2085 4240 2144 ceteras

610 2184 1026 2267 antiquorum
1070 2190 1436 2267 temporum
1466 2190 1690 2267 gentes
1742 2204 1963 2249 omnes
1997 2183 2203 2249 multo
2235 2189 2639 2267 superarent.
2728 2182 2916 2247 Hanc
2945 2184 3232 2267 palmam
3280 2186 3426 2266 quis
3472 2192 3574 2249 est
3618 2188 3729 2269 qui
3772 2189 3866 2253 eis
3910 2188 4239 2255 detrecta-

608 2297 776 2361 verit
798 2298 829 2360 Ῥ
919 2295 1090 2374 Quid
1117 2296 1318 2378 igitur
1350 2296 1587 2361 mirum
1619 2295 1793 2379 quod
1825 2295 2080 2360 Latium
2114 2316 2449 2379 nunquam
2492 2315 2623 2360 non
2653 2296 2826 2360 viros
2870 2294 3024 2360 tulit
3061 2294 3387 2378 regendae
3410 2294 3812 2379 reipublicae
3857 2301 4238 2366 scientiores

608 2407 1009 2491 militiaeque
1054 2409 1429 2492 peritiores,
1477 2429 1673 2491 quam
1725 2408 1838 2490 qui
1881 2408 1947 2470 in
2009 2406 2333 2472 Parnasso
2393 2407 2634 2490 ingenii
2680 2407 3217 2472 exercitationem
3267 2408 3401 2472 sive
3441 2408 3641 2471 animi
3685 2417 4080 2491 quaererent
4124 2412 4238 2477 ob·

609 2518 1046 2584 lectationem.
1138 2519 1303 2584 Nam
1350 2521 1428 2584 in‘
1462 2519 1577 2584 illa
1622 2518 1805 2599 urbe,
1851 2519 1965 2584 ubi
2010 2517 2163 2583 Jani
2212 2518 2438 2603 templi
2486 2518 2712 2583 valvae
2754 2539 2874 2602 per
2916 2523 3017 2583 tot
3056 2520 3318 2584 saecula
3353 2519 3690 2603 patebant,
3736 2522 4022 2605 optimae
4066 2522 4239 2587 vires

610 2636 676 2695 et
721 2652 878 2714 opes
921 2630 1230 2696 Justitiae
1276 2631 1719 2697 inserviebant
1763 2636 1830 2696 et
1880 2630 2109 2703 Marti,
2167 2631 2465 2713 ingenuis
2509 2651 2663 2694 vero
2708 2628 2992 2708 artibus,
3049 2650 3216 2711 quae
3268 2632 3396 2696 nisi
3439 2633 3572 2696 otio
3619 2638 3686 2697 et
3722 2653 3887 2717 pace
3939 2632 4240 2698 foventur

610 2745 869 2808 omnino
915 2743 1150 2808 florere
1196 2749 1545 2827 nequeunt,
1593 2741 1903 2826 quamdiu
1934 2741 2111 2807 domi
2155 2741 2417 2807 ordines
2461 2741 2542 2807 de
2588 2763 2707 2807 sua
2752 2742 3028 2825 quisque
3074 2742 3442 2807 conditione
3485 2743 3751 2827 publica
3792 2743 4239 2823 decertabant,

613 2854 926 2938 quamdiu
989 2853 1167 2919 orbis
1226 2860 1554 2920 terrarum
1608 2876 1642 2919 e
1698 2854 1914 2918 divino
1975 2854 2241 2920 oraculo
2299 2854 2426 2920 Iuli
2481 2853 2728 2919 subolis
2787 2855 3061 2939 imperio
3124 2875 3250 2919 non
3317 2875 3583 2938 prorsus
3622 2854 3902 2940 parebat
3945 2863 4240 2940 pacatus,

608 2966 871 3032 litterae
931 2988 1058 3032 non
1111 2990 1299 3032 suum
1345 2967 1683 3032 habebant
1727 2967 2059 3034 honorem.
2149 2969 2383 3051 Itaque
2440 2967 2635 3032 Italia
2691 2988 2897 3050 usque
2953 2966 3037 3032 ad
3099 2973 3384 3032 aetatem
3425 2967 3828 3051 reipublicae
3871 2966 4239 3048 dilabentis,

610 3081 904 3162 quamvis
951 3079 1233 3144 Graecia
1288 3079 1373 3143 ab
1431 3079 1901 3161 antiquissimis
1960 3081 2367 3164 temporibus
2425 3081 2705 3164 primum
2757 3079 3017 3161 quidem
3061 3076 3563 3161 pedetemptim,
3626 3099 3776 3142 mox
3835 3079 4082 3144 maiore
4123 3069 4272 3144 im-⁹

608 3196 765 3275 petu
810 3190 895 3255 ad
937 3190 1254 3256 Italorum
1302 3190 1547 3256 cultum
1594 3190 2199 3273 humanitatemque
2246 3192 2375 3255 vim
2421 3212 2606 3255 suam
2668 3188 2994 3254 conferret
3015 3238 3029 3266 ,
3091 3188 3278 3269 nihil,
3338 3209 3418 3253 ne
3471 3188 3932 3255 historicorum
3978 3190 4241 3274 quidem

608 3302 841 3368 studiis
885 3303 1194 3386 exceptis,
1238 3302 1391 3367 tulit
1438 3302 1615 3386 quod
1660 3323 1807 3366 cum
1851 3301 2211 3385 praeclaris
2255 3302 2517 3366 illorum
2562 3299 2869 3384 operibus
2911 3304 3136 3384 posset
3179 3301 3565 3385 comparari.

918 3415 1188 3479 Maximi
1215 3435 1367 3479 vero
1399 3420 1465 3479 et
1493 3414 1857 3497 gravissimi
1887 3414 2196 3479 momenti
2241 3413 2368 3477 fuit
2411 3413 2496 3477 ad
2525 3413 2924 3478 Graecorum
2970 3413 3298 3495 ingenium
3346 3433 3493 3478 cum
3523 3414 3961 3480 Romanorum
4008 3416 4242 3480 studiis

610 3527 817 3592 artius
852 3526 1369 3609 coniungendam
1401 3525 1751 3591 Corinthus
1779 3525 2160 3591 a-Mummio
2206 3545 2455 3606 eversa,
2500 3532 2567 3591 et
2612 3524 2892 3591 Graecia
2935 3544 3053 3589 suo
3098 3524 3239 3589 iure
3284 3529 3352 3590 et
3395 3525 3702 3591 libertate
3743 3527 4002 3610 privata
4041 3531 4240 3608 atque

605 3639 671 3702 in
698 3639 1071 3722 provinciae
1095 3638 1427 3703 Romanae
1466 3636 1744 3704 formam
1765 3636 2055 3702 redacta.
2138 3638 2347 3702 Roma
2375 3637 2546 3702 enim
2580 3637 2874 3721 quamvis
2918 3636 3152 3702 victrix
3187 3638 3429 3720 ingenii
3467 3638 3703 3702 Graeci
3738 3637 4046 3719 gravitati
4072 3636 4245 3701 relu-

610 3752 777 3815 ctari
821 3749 986 3815 adeo
1030 3769 1160 3815 non
1199 3751 1449 3834 potuit,
1510 3755 1583 3815 ut
1626 3749 1809 3814 brevi
1857 3749 2262 3814 Graecorum
2309 3747 2524 3813 cultus
2570 3757 2636 3813 et
2677 3770 2891 3814 mores
2937 3769 3158 3814 omnes
3205 3749 3379 3813 vitae
3421 3755 3647 3832 partes
3691 3746 4245 3832 amplecterentur

608 3866 995 3945 tantumque
1042 3861 1126 3926 ad
1175 3849 1617 3926 Romanorum
1661 3867 1967 3927 naturam
2014 3860 2430 3943 indolemque
2478 3859 3010 3926 conformandam
3057 3866 3256 3943 atque
3279 3859 3774 3943 perpoliendam
3813 3860 4124 3940 valerent,
4172 3866 4246 3925 ut

610 3994 651 4038 a
693 3972 991 4052 Graecia,
1017 3973 1314 4039 subiecta
1361 3974 1569 4038 Roma
1616 3979 1991 4056 expugnata
2036 3993 2178 4037 esse
2225 3973 2406 4038 haud
2446 3978 2692 4037 temere
2737 3970 3081 4036 diceretur.
3176 3970 3476 4054 Namque
3520 3992 3733 4037 sermo
3779 3972 4071 4038 Graecus
4113 3993 4244 4037 non

616 4084 825 4150 solum
876 4106 952 4149 eo
978 4091 1118 4150 tum
1163 4085 1454 4150 consilio'
1476 4085 1817 4150 colebatur
1861 4090 1927 4149 et
1969 4084 2405 4164 tractabatur,
2452 4090 2527 4150 ut
2570 4084 2832 4149 litterae
2877 4088 3075 4165 atque
3112 4103 3313 4167 opera
3345 4083 3748 4150 Graecorum
3791 4084 4068 4167 intelligi
4093 4103 4244 4166 pos·

614 4202 776 4277 sent,
825 4196 941 4262 sed
973 4198 1171 4262 etiam
1217 4197 1300 4262 ab
1330 4196 1702 4262 hominibus
1737 4196 2167 4262 nobilioribus
2204 4197 2272 4259 in
2322 4217 2512 4261 usum
2546 4216 2948 4262 communem
2979 4194 3435 4261 adhibebatur.
3522 4197 3756 4279 Itaque
3784 4196 3870 4260 M.
3899 4194 4243 4259 Terentius

616 4309 826 4373 Varro
854 4309 1097 4391 aliique
1120 4310 1484 4394 priscorum
1504 4328 1762 4373 morum
1787 4308 1974 4391 quasi
1992 4312 2533 4393 propugnatores,
2555 4308 2665 4390 qui
2689 4307 2791 4373 his
2814 4307 3048 4373 studiis
3075 4308 3542 4388 obniterentur,
3568 4328 3651 4372 ne
3675 4324 3890 4370 mores
3913 4305 4245 4389 totiusque

610 4422 781 4486 vitae
806 4422 1133 4486 institutio
1163 4421 1509 4505 peregrina
1554 4425 1823 4505 recepta
1853 4420 2202 4505 disciplina
2235 4425 2824 4501 corrumperentur,
2870 4421 3101 4505 rapido
3147 4420 3462 4503 temporis
3509 4439 3704 4482 cursu
3751 4417 4045 4501 superati
4089 4424 4242 4483 sunt

612 4539 679 4598 et
723 4532 1000 4617 abrepti.
1090 4532 1275 4598 Adde
1334 4532 1509 4616 quod
1563 4531 2010 4616 voluptatibus
2069 4531 2183 4597 illa
2242 4536 2461 4596 aetate
2519 4530 2586 4593 in
2649 4528 2788 4594 dies
2845 4531 3045 4595 latius
3105 4528 3557 4613 grassantibus
3614 4526 3934 4594 bonorum
3991 4551 4244 4595 morum

613 4645 1025 4729 corruptelae
1068 4645 1282 4710 cultus
1325 4645 1665 4727 victusque
1720 4645 2015 4709 Graecus
2075 4642 2461 4709 deliciarum
2517 4640 2750 4726 plenus
2793 4640 3238 4706 succurrebat.
3317 4642 3739 4724 Quocumque
3798 4642 4084 4708 animum
4128 4639 4244 4705 ad-

611 4756 904 4836 verteris,
951 4756 1242 4823 Graecos
1287 4757 1768 4841 grammaticos,
1813 4756 2131 4836 rhetoreS,
2176 4754 2600 4840 philosophos
2650 4772 2892 4835 eosque
2950 4751 3128 4818 haud
3182 4772 3336 4817 raro
3383 4753 3645 4836 egregio
3689 4757 4103 4840 praestantes
4147 4751 4245 4815 in-

614 4867 803 4952 genio
855 4868 924 4932 in
968 4868 1359 4934 nobiliorum
1404 4868 1679 4934 aedibus
1737 4869 2053 4947 invenieS,
2114 4867 2501 4952 plerumque
2561 4872 2628 4931 et
2682 4865 3053 4930 litterarum
3110 4871 3176 4929 et
3230 4866 3394 4932 artis
3442 4866 3884 4952 gymnasticae
3930 4862 4244 4942 Graecae,

614 5000 746 5063 qua
791 4980 1100 5064 antiquae
1144 4982 1588 5046 Romanorum
1635 4981 2137 5046 exercitationes
2184 4979 2668 5057 obruebantur,
2714 4977 3094 5061 magistros,
3144 4978 3558 5057 recitatores,
3602 4977 3909 5041 itinerum
3952 4975 4237 5041 comites.

612 5091 751 5156 Nec
796 5092 983 5177 parvi
1029 5092 1438 5158 aestimanda
1486 5100 1639 5159 sunt
1677 5094 1933 5174 itinera,
1982 5113 2151 5176 quae
2199 5091 2648 5157 adolescentes
2704 5090 2773 5155 in
2830 5088 3034 5174 ipsius
3083 5088 3401 5155 Graeciae
3456 5088 3826 5154 litterarum
3872 5087 4243 5172 artiumque
