4716 5842
2494 384 2541 457 8

2258 491 2293 497 --
2328 491 2345 497 -
2443 490 2490 498 ..ι
2619 490 2712 495 -ὐ

702 614 852 660 men
897 591 1192 677 plerique
1237 590 1562 674 elegantia
1606 588 1891 674 quadam
1936 595 2136 672 atque
2192 594 2373 655 tersa
2427 586 2764 671 nitidaque
2822 588 3120 653 oratione
3183 592 3373 653 erant
3425 586 3731 671 insignes.
3819 587 4052 656 Nullus
4105 597 4329 658 autem

706 705 910 771 totius
952 703 1285 769 hominum
1330 701 1587 785 generis
1630 706 1698 767 et
1737 700 1982 766 saeculi
2027 701 2128 767 sui
2170 701 2501 784 ingenium
2544 700 2752 783 magis
2797 699 3119 783 expressit
3160 719 3358 782 quam
3401 697 3866 781 Callimachus,
3926 702 4039 784 qui
4081 705 4330 788 optimo

705 817 849 883 iure
887 815 1171 881 omnium
1234 815 1373 880 eius
1434 813 1673 879 aetatis
1727 813 1939 878 instar
1996 819 2345 897 poetarum
2401 812 2750 878 iudicatur.
2837 810 3141 877 Ceterum
3193 831 3341 876 cum
3380 812 3991 879 commentationem
4035 821 4329 883 nostram

709 930 804 996 sic
844 926 1320 993 instituerimus
1337 975 1352 1005 ,
1421 931 1496 990 ut
1541 923 1622 991 de
1667 923 2064 989 Callimacho
2114 922 2323 990 fusius
2362 924 2492 989 alio
2535 922 2682 990 loco
2739 922 3063 1007 agendum
3107 942 3248 989 esse
3291 922 3622 1004 videatur,
3684 923 4020 991 mittamus
4065 948 4212 993 eum
4262 937 4330 995 et

708 1041 795 1106 ad
835 1042 1163 1106 Romanos
1205 1036 1568 1104 redeamus.
4233 1044 4238 1049 ’

990 1150 1405 1234 Antiquiores
1451 1149 1637 1215 enim·
1664 1169 1890 1215 eorum
1935 1153 2191 1232 poetae,
2234 1147 2553 1232 imprimis
2591 1145 2894 1227 Naevius,
2940 1146 3206 1226 EnniuS,
3253 1146 3576 1212 Pacuvius
3617 1167 3826 1230 usque
3871 1147 3958 1214 ad
3997 1149 4327 1218 Ciceronis

706 1270 993 1333 aetatem
1039 1284 1186 1327 cum
1229 1282 1390 1327 sano
1429 1261 1532 1327 usi
1576 1260 1817 1326 iudicio
1856 1266 2204 1345 poetarum
2249 1259 2650 1325 Graecorum
2678 1258 3006 1343 principes
3049 1262 3451 1342 spectarent,
3500 1256 3968 1326 Alexandrinos
4011 1282 4166 1328 vero
4211 1267 4324 1347 qui

706 1376 935 1443 eodem
980 1380 1274 1459 tempore
1317 1372 1674 1452 florebant,
1735 1373 2188 1456 neglegerent,
2248 1371 2373 1436 viri
2431 1370 2608 1436 docti
2663 1390 2792 1454 quo
2835 1375 3128 1456 tempore
3183 1369 3556 1455 respublica
3597 1369 3835 1436 collabi
3878 1374 4096 1457 coepit
4140 1381 4326 1441 tanto

706 1487 923 1555 studio
970 1485 1116 1551 illos
1159 1485 1368 1552 secuti
1408 1484 1778 1568 imitatique
1825 1490 1994 1563 sunt,
2038 1489 2114 1550 ιιι
2157 1503 2430 1568 mag-nas
2473 1503 2626 1550 mox
2667 1481 3039 1548 litterarum
3082 1488 3307 1579 partes
3354 1501 3590 1566 genere
3630 1502 3749 1548 suo
3776 1483 4329 1568 amplecterentur

707 1606 907 1684 atque
955 1598 1378 1663 continerent.
1468 1597 1696 1681 Neque
1742 1616 1897 1661 vero
1942 1596 2170 1660 mirari
2222 1595 2348 1660 hoc
2409 1584 2682 1679 quidem'
2715 1591 2887 1659 licet.
2974 1593 3123 1660 Jam
3168 1595 3340 1660 enim
3383 1594 3749 1660 monuimus
3807 1616 4113 1680 magnum
4156 1598 4329 1666 inter

708 1711 1054 1778 Graeciam
1100 1714 1168 1776 et
1209 1709 1472 1775 Italiam
1514 1708 1871 1793 praecipue
1919 1713 2073 1793 post
2118 1707 2500 1773 Corinthum
2545 1705 2827 1772 deletam
2869 1706 3318 1772 intercessisse
3363 1706 3850 1787 commercium,
3906 1729 4035 1792 quo
4083 1709 4328 1777 factum

706 1830 835 1903 est,
890 1828 964 1888 ut
1020 1823 1211 1888 multi
1249 1822 1528 1887 Romani
1578 1821 1652 1885 in
1695 1819 2017 1886 Graeciae
2076 1819 2351 1885 urbibus
2410 1818 2670 1884 diversa
2726 1838 2999 1904 poeseos
3042 1817 3523 1885 Alexandrinae
3589 1838 3864 1902 genera,
3923 1842 4326 1906 magnusque

705 1940 1206 2020 praeceptorum
1253 1932 1652 1998 Graecorum
1702 1952 2010 1998 numerus
2028 1982 2043 2012 ,
2109 1933 2282 1998 inter
2343 1952 2508 2015 quos
2562 1930 2953 1996 Parthenius
3010 1935 3208 2015 poeta
3266 1930 3594 2015 elegiacns
3648 1931 3931 2015 primum
3987 1933 4329 2000 obtinebat

705 2047 947 2126 locum,
994 2047 1267 2111 Romam
1313 2044 1730 2111 confluerent.
1820 2043 1952 2110 Sed
2011 2042 2098 2109 ad
2151 2044 2273 2110 has
2317 2042 2719 2109 adventiciae
2779 2062 3011 2108 causas
3072 2041 3393 2108 accedunt
3435 2043 3700 2109 innatae
3759 2043 4143 2128 insitaeque.
4234 2050 4327 2112 Ac

703 2160 986 2244 primum
1040 2157 1303 2242 quidem
1365 2155 1720 2222 similitudo
1795 2155 2119 2239 quaedam
2186 2176 2408 2222 rerum
2467 2153 2881 2240 publicarum
2952 2160 3164 2220 status
3214 2159 3413 2238 atque
3469 2155 3746 2221 rationis
3815 2154 4152 2223 afferenda
4211 2165 4329 2225 est.

706 2271 1003 2355 Namque
1063 2268 1256 2335 simul
1317 2290 1462 2333 cum
1522 2267 1806 2334 civitatis
1864 2266 2173 2334 libertate
2232 2287 2549 2352 oppressa
2606 2272 2672 2333 et
2738 2267 2808 2331 in
2865 2267 3306 2332 Romanorum
3359 2267 3633 2351 imperio
3699 2273 3765 2332 et
3835 2268 3901 2333 in
3974 2269 4325 2335 Alexandri

704 2382 927 2467 Magni
970 2382 1321 2465 regnisque
1362 2380 1515 2445 inde
1558 2380 1731 2446 natis
1753 2430 1768 2459 ,
1828 2400 2068 2463 magna
2124 2378 2241 2444 illa
2288 2380 2386 2444 vis
2437 2399 2633 2462 quam
2690 2378 2972 2464 populus
3028 2376 3114 2443 ad
3157 2378 3414 2443 litteras
3457 2376 3805 2458 afferebat,
3863 2379 3932 2444 in
3975 2381 4118 2447 dies
4160 2381 4324 2448 adeo

705 2493 1141 2573 minuebatur,
1185 2494 1295 2558 vix
1339 2498 1413 2557 ut
1453 2491 1608 2556 illae
1652 2492 1718 2557 in
1768 2497 2007 2556 natura
2037 2490 2458 2574 moribusque
2506 2490 2716 2574 gentis
2755 2491 2888 2556 iam
2930 2491 3185 2575 positae
3229 2510 3373 2556 esse
3398 2489 3789 2557 viderentur.
3876 2489 4044 2555 Hinc
4076 2492 4325 2560 Romae

703 2607 1000 2672 homines
1045 2604 1373 2670 nobilibus
1415 2604 1576 2669 locis
1621 2602 1880 2668 oriundi
1925 2622 2002 2667 eo
2043 2601 2302 2667 facilius
2333 2601 2807 2667 Alexandrinos
2852 2602 3061 2667 secuti
3100 2607 3270 2681 sunt,
3316 2622 3445 2685 quo
3489 2603 3699 2685 magis
3740 2603 4194 2682 Romanorum,
4241 2603 4321 2669 de

704 2739 835 2801 quo
882 2719 1014 2782 iam
1058 2716 1358 2795 diximus,
1403 2716 1733 2799 ingenium
1779 2734 2078 2780 severum
2127 2719 2195 2779 et
2235 2714 2410 2778 vitae
2463 2733 2721 2798 semper
2762 2733 2951 2778 usum
2996 2719 3299 2797 spectans
3343 2720 3618 2780 naturae
3660 2721 4005 2800 poetarum
4046 2714 4324 2791 illorum,

706 2830 819 2913 qui
867 2828 1303 2893 Alexandriae
1338 2825 1757 2892 bibliothecis
1798 2830 2183 2910 praeerant,
2241 2845 2374 2890 non
2420 2832 2566 2891 erat
2619 2824 2946 2891 dissimile.
3032 2825 3266 2908 Itaque
3326 2847 3549 2891 omnes
3607 2826 3720 2909 qui
3758 2831 3895 2891 tum
3942 2826 4187 2891 Romae
4232 2827 4328 2890 in-

707 2941 895 3027 genio
941 2940 1265 3020 valebant,
1306 2938 1515 3025 polita
1545 2945 1855 3023 tersaque
1883 2937 2471 3004 Alexandrinorum
2508 2958 2709 3023 opera
2751 2937 3223 3023 respiciebant3
3268 2959 3544 3023 cumque
3573 2938 3917 3023 tragoedia
3955 2943 4021 3004 et
4065 2959 4328 3004 carmen

705 3074 857 3119 vere
905 3053 1205 3119 melicum
1225 3102 1240 3132 ,
1301 3051 1370 3117 id
1413 3050 1588 3135 quod
1630 3050 1825 3116 facile
1871 3029 2302 3134 intellegitur,
2363 3051 2473 3116 vix
2516 3050 2883 3116 colerentur
2927 3049 3380 3120 Alexandriae,
3426 3051 3718 3116 carmina
3759 3050 4105 3131 didactica,
4152 3051 4328 3136 epyl-

705 3164 827 3245 lia,
873 3170 1181 3249 poemata
1222 3165 1437 3249 prima
1481 3184 1740 3247 quaque
1788 3163 2131 3228 occasione
2175 3161 2355 3242 fusa,
2401 3162 2786 3247 legebantur
2828 3159 3345 3247 explicabantur,
3391 3163 3752 3228 imitatione
3795 3162 4329 3247 exprimebantur

705 3275 1147 3342 vertebantur.

1017 3388 1199 3453 Unus
1243 3387 1587 3453 Lucretius
1631 3408 1901 3472 prorsus
1945 3385 2215 3451 carebat
2260 3385 2485 3465 sociis,
2543 3388 2785 3471 quippe
2843 3386 2955 3469 qui
3006 3391 3231 3471 spreta
3275 3386 3444 3452 mole
3495 3386 3612 3452 illa
3656 3387 3992 3452 doctrinae
4039 3386 4327 3470 undique

706 3505 1055 3584 congestae
1098 3520 1228 3564 non
1266 3500 1404 3564 sine
1431 3518 1634 3564 causa
1664 3498 1943 3581 vestigia
1977 3498 2168 3563 Ennii
2211 3498 2733 3583 optimorumque
2777 3497 3030 3581 antiqui
3058 3500 3372 3584 temporis
3415 3504 3758 3584 poetarum
3779 3499 4055 3583 vestigia
4099 3519 4327 3582 seque-

704 3617 906 3678 retur.
996 3610 1167 3676 Num
1212 3616 1432 3676 autem
1479 3611 1574 3690 ei,
1638 3615 1712 3675 ut
1757 3615 1902 3675 erat
1960 3609 2086 3676 sibi
2152 3616 2458 3677 constans
2503 3615 2569 3676 et
2609 3609 2800 3676 fortis
2858 3611 3204 3694 gravisque
3224 3660 3240 3690 ,
3281 3610 3532 3695 primus
3582 3612 3842 3677 omnino
3882 3612 4055 3677 inter
4096 3615 4326 3695 poetas

702 3724 878 3790 illius
940 3724 1178 3790 aetatis
1234 3723 1419 3789 locus
1481 3720 1908 3788 vindicandus
1966 3723 2053 3787 sit
2112 3761 2195 3772 -
2259 3742 2382 3787 nec
2435 3720 2672 3787 desunt
2730 3723 2843 3807 qui
2902 3722 2999 3787 ita
3043 3728 3352 3788 censeant
3390 3760 3477 3773 —
3520 3723 3683 3790 satis
3738 3722 4026 3789 dubitari
4081 3727 4324 3806 potest3

705 3856 1101 3920 quamquam
1145 3835 1583 3920 principatum
1629 3834 1713 3900 ab
1759 3854 1837 3899 eo
1884 3834 2143 3901 minime
2175 3833 2717 3915 abiudicaremus,
2761 3835 2887 3901 nisi
2922 3840 3212 3901 exstaret
3243 3837 3442 3901 etiam
3477 3835 3779 3902 Valerius
3828 3834 4140 3901 Catullus,
4228 3833 4330 3899 Ex

705 3946 832 4013 hoc
873 3947 1251 4032 planissime
1298 3946 1476 4011 cerni
1519 3952 1758 4031 potest,
1807 3945 2245 4012 Alexandriae
2289 3947 2509 4032 poesis
2554 3967 2756 4030 genus
2815 3967 3012 4030 quam
3054 3946 3316 4031 penitus
3358 3953 3497 4013 tum
3543 3948 3858 4014 invaserit
3898 3946 4156 4012 litteras
4201 3946 4329 4012 Ro-

703 4079 951 4139 manas,
999 4064 1197 4142 atque
1240 4079 1321 4124 ne
1365 4057 1733 4141 ingeniosos
1779 4058 2043 4142 quidem
2090 4063 2159 4125 et
2221 4078 2303 4123 ex
2353 4065 2561 4125 semet
2604 4059 2767 4143 ipsis
2812 4063 3002 4143 aptos
3050 4059 3222 4124 viros
3267 4058 3526 4125 efficere
3571 4060 3882 4145 potuisse,
3926 4066 4002 4125 ut
4046 4058 4327 4125 auctori·

703 4170 830 4235 tati
870 4169 987 4250 illi,
1032 4191 1230 4254 quam
1275 4170 1522 4236 formae
1566 4169 1893 4255 limaeque
1919 4169 2230 4254 aequales
2267 4170 2739 4250 attribuebant,
2784 4191 3052 4255 prorsus
3097 4190 3227 4236 non
3255 4177 3582 4255 parerent.
3670 4170 3838 4237 Nam
3884 4172 4009 4238 etsi
4039 4168 4328 4237 Niebuh-

705 4281 874 4349 rium
920 4282 1006 4347 ad
1049 4282 1321 4347 nimium
1361 4284 1759 4366 processisse
1803 4282 2186 4362 iudicamuS,
2234 4304 2380 4348 cum
2425 4304 2742 4348 summum
2791 4304 2984 4367 quem
3015 4283 3225 4348 Roma
3265 4304 3552 4367 unquam
3598 4284 3836 4351 viderit
3877 4290 4141 4369 poetam
4187 4303 4327 4348 esse

705 4393 1034 4461 Catullum
1056 4396 1106 4478 ¹)
1175 4394 1528 4460 contendat
1583 4400 1652 4460 et
1705 4415 1939 4478 parum
1997 4400 2151 4480 apte
2202 4415 2348 4460 eum
2410 4415 2558 4459 cum
2615 4395 3195 4480 praestantissimis
3252 4395 3654 4462 Graecorum
3711 4397 3924 4482 poetis
3976 4402 4326 4479 comparet,

704 4512 927 4571 tamen
967 4526 1096 4589 quo
1137 4507 1400 4590 saepius
1443 4526 1524 4572 ea
1567 4507 1876 4585 carmina,
1932 4528 2103 4590 quae
2144 4528 2225 4572 ex
2270 4526 2389 4572 suo
2432 4507 2692 4591 ingenio
2723 4506 3016 4574 Catullus
3045 4507 3412 4573 condidisse
3452 4514 3748 4593 apparet,
3789 4508 4203 4593 perlegimu3‚
4249 4527 4327 4571 eo

704 4618 914 4701 magis
956 4618 1039 4683 iis
1084 4617 1580 4702 adstipulamur,
1624 4619 1739 4702 qui
1785 4619 2065 4702 egregiis
2108 4619 2350 4704 ingenii
2395 4618 2723 4702 animique
2753 4619 3105 4684 virtutibus
3150 4618 3314 4684 adeo
3360 4620 3668 4704 aequales
3708 4625 3972 4704 poetam
3999 4619 4327 4684 Veronen-

708 4749 847 4794 sem
895 4730 1307 4814 superavisse
1350 4734 1601 4815 putent,
1646 4736 1721 4796 ut
1763 4731 1936 4796 inter
1979 4732 2308 4796 Romanos
2352 4736 2532 4796 certe
2578 4730 2776 4815 pauci
2820 4730 2958 4795 eius
3003 4751 3197 4815 pares
3241 4751 3383 4796 esse
3428 4730 3787 4797 videantur.

1016 4841 1313 4927 Namque
1356 4842 1680 4909 amatoria
1722 4842 1862 4908 eius
1914 4849 2222 4926 poemata
2280 4862 2411 4907 non
2468 4843 2677 4909 solum
2729 4861 2953 4908 verum
3007 4843 3460 4927 sincerumque
3514 4844 3711 4910 animi
3757 4849 4001 4910 motum
4047 4849 4114 4908 et
4154 4842 4328 4908 calo-

1020 5101 1068 5168 1)
1106 5099 1398 5154 Romische
1435 5099 1781 5169 Geschichte‚
1821 5099 1938 5168 111„
1978 5099 2034 5154 S.
2075 5102 2190 5154 127.
2264 5101 2377 5155 Der
2413 5106 2624 5169 grosste
2660 5100 2922 5166 Dichter,
2972 5099 3076 5155 den
3131 5100 3269 5157 Rom
3304 5100 3513 5171 gehabt
3547 5102 3673 5169 hat,
3725 5103 3796 5156 ist
3834 5099 4013 5156 Catull
4058 5142 4070 5153 .
4251 5099 4330 5153 Er

705 5185 801 5241 hat
837 5200 976 5256 ganz
1016 5185 1255 5241 dieselbe
1291 5185 1791 5243 Vollkommenheit
1826 5186 1925 5242 wie
1964 5186 2053 5242 die
2091 5185 2473 5256 griechischen
2512 5186 2787 5257 lyrischen
2823 5187 3069 5243 Dichter.
