4716 5842
2209 322 2390 444 17*

424 583 631 660 licuit,
678 601 824 645 cum
869 598 1023 642 vero
1068 577 1195 660 ipsi
1239 574 1651 655 laberentur,
1714 597 1793 641 ea
1849 576 1930 640 iis
1976 575 2326 641 defuerunt
2371 576 2542 641 unde
2586 596 2821 641 novum
2867 583 3197 641 sumerent
3242 597 3507 641 succum
3555 582 3622 642 et
3663 579 4064 660 sanguinem.

434 697 539 760 An
584 692 867 770 dubitas,
912 690 1068 772 quin
1113 688 1405 753 futurum
1454 686 1685 767 fuerit,
1732 693 1804 752 ut
1850 687 2083 753 saltem
2126 688 2331 773 lyrica
2375 689 2621 773 poesis,
2665 709 2745 752 ne
2807 687 3018 752 dicam
3062 694 3543 767 renasceretur,
3603 694 3674 753 at
3718 695 3895 753 certe
3942 691 4062 754 ali-

426 828 565 890 qua
600 826 681 869 ex
724 808 913 888 parte
950 807 1381 879 recrearetur,
1430 801 1483 864 si
1529 800 1652 864 viri
1698 799 1873 865 docti
1919 806 1984 864 et
2027 799 2378 866 vernaculo
2424 800 2705 865 sermoni
2750 806 2826 866 et·
2863 799 3277 879 carminibus,
3323 801 3805 884 qualiacunque
3853 807 4061 879 erant,

432 939 659 984 earum
705 915 996 998 gentium
1039 933 1210 996 quae
1254 912 1375 978 sub
1422 912 1852 977 Macedonum
1882 918 2015 977 aut
2058 912 2503 977 Romanorum
2558 918 2953 996 potestatem
3014 917 3202 977 erant
3241 911 3554 977 subactae
3575 963 3589 991 ,
3636 934 3904 997 operam
3951 913 4065 978 de·

426 1030 683 1095 dissent
724 1026 826 1091 vel
869 1026 1312 1091 levissimam?
1404 1024 1592 1103 Quod
1640 1045 1769 1108 quo
1813 1023 2207 1089 luculentius
2266 1025 2617 1108 probetur,
2682 1025 2791 1089 vix
2846 1045 3110 1089 necesse
3171 1032 3270 1089 est
3326 1025 3563 1089 iterum
3609 1024 3907 1108 exempla
3954 1025 4066 1090 de·

432 1161 812 1227 promamus
869 1160 904 1203 e
967 1138 1404 1203 recentiorum
1449 1137 1739 1220 gentium
1799 1136 2074 1202 historia
2114 1135 2503 1202 litterarum.
2593 1138 2750 1216 Quis
2813 1138 2981 1202 enim
3038 1137 3279 1216 nescit,
3339 1142 3583 1220 quanto
3641 1157 3785 1203 cum
3843 1136 4063 1204 fructu

426 1252 774 1330 Germani,
834 1250 1163 1328 Britanni,
1215 1248 1389 1314 Slavi
1434 1248 1781 1333 popularia
1838 1249 2246 1332 potissimum
2269 1299 2284 1329 ,
2351 1270 2521 1332 quae
2581 1255 2846 1327 vocant,
2915 1250 3205 1314 carmina
3272 1249 3385 1313 alii
3452 1249 3536 1313 ab
3595 1249 3740 1314 aliis
3785 1251 4065 1316 mutuati

438 1366 581 1443 sint,
625 1360 1255 1428 Franco-Gallorum
1315 1381 1469 1425 vero
1514 1360 1740 1444 poesin
1798 1359 1884 1424 ad
1940 1361 2106 1425 haec
2151 1382 2358 1444 usque
2405 1367 2707 1444 tempora
2761 1361 2888 1426 hac
2938 1382 3010 1426 re
3053 1362 3334 1426 maxime
3383 1361 3719 1442 laborare,
3780 1363 3958 1445 quod
3997 1364 4066 1427 in

438 1478 912 1542 Germanorum
962 1473 1448 1556 Anglorumque
1506 1472 1767 1556 linguae
1826 1473 2043 1538 studio
2095 1493 2362 1557 operam
2414 1472 3055 1557 quantulamcunque
3113 1473 3436 1539 collocare
3495 1473 4065 1557 dedignabantur‘.>

743 1585 1087 1665 Romanis,
1147 1606 1294 1650 cum
1340 1585 1576 1649 iterum
1622 1583 2023 1650 Graecorum
2086 1586 2360 1668 vestigia
2418 1580 2714 1669 premere
2769 1586 3158 1669 inciperent,
3218 1607 3351 1669 qua
3410 1592 3629 1651 aetate
3676 1586 3884 1651 anili
3921 1587 4066 1652 .illo

434 1701 658 1766 flore
728 1701 796 1763 in
856 1700 1153 1783 Aegypto
1216 1691 1640 1775 fruebantur,
1704 1697 2009 1780 contigit,
2072 1703 2146 1762 ut
2206 1699 2518 1763 existeret
2590 1696 2915 1763 Catullus!
3005 1698 3091 1762 At
3148 1704 3552 1782 quantopere
3611 1705 3808 1783 putas
3864 1698 4067 1763 talem

439 1814 654 1878 virum
697 1831 914 1876 secum
959 1831 1101 1875 esse
1145 1810 1497 1889 luctatum,
1551 1830 1696 1873 cum
1739 1809 2196 1889 intellexisset,
2262 1811 2329 1874 in
2376 1815 2565 1874 tanta
2607 1810 2849 1893 ingenii
2893 1809 3197 1875 ubertate
3242 1811 3368 1876 sibi
3412 1832 3671 1895 quoque
3719 1811 3803 1875 ad
3851 1832 4065 1875 exem-

442 1924 658 2007 plaria
695 1922 1305 2001 Alexandrinorum,
1371 1922 1666 2004 quamvis
1714 1942 1754 1985 a
1798 1943 1917 1986 sua
1958 1922 2165 2005 ipsius
2222 1928 2462 1986 natura
2522 1942 2600 1987 ac
2661 1921 2878 1987 indole
2946 1928 3165 1987 essent
3219 1923 3477 1989 diversa
3498 1973 3512 2001 ,
3568 1923 3749 1989 nulla
3794 1923 3924 1987 alia
3985 1923 4066 1989 de

448 2055 643 2100 causa¹
682 2036 805 2100 nisi
853 2033 1028 2118 quod
1073 2034 1382 2098 Romanis
1426 2040 1564 2098 tum
1610 2033 1889 2098 maxime
1934 2033 2302 2117 placebant,
2349 2053 2491 2099 esse
2521 2032 3075 2099 descendendum!
3164 2036 3397 2119 Itaque
3434 2035 3607 2100 idem
3651 2035 3761 2100 ille
3801 2035 4066 2121 lepidis·

444 2147 749 2212 simorum
808 2147 1068 2211 illorum
1115 2146 1475 2211 carminum
1531 2145 1851 2210 minorum
1898 2152 2153 2225 auctor,
2224 2166 2427 2229 quae,
2498 2145 2657 2210 licet
2711 2147 2851 2230 ipse
2907 2146 3183 2229 Nugas
3260 2167 3339 2211 ea
3398 2146 3608 2225 dicat,
3682 2153 3904 2213 tamen
3964 2150 4067 2213 vel

438 2259 689 2339 Heinii,
750 2265 985 2342 poetae
1049 2280 1090 2322 a
1151 2256 1390 2322 Catulli
1430 2257 1691 2340 ingenio
1734 2278 1862 2322 non
1931 2257 2158 2337 alieni,
2222 2239 2562 2322 venustum
2616 2257 2908 2322 libellum
2965 2256 3103 2323 fere
3162 2264 3476 2341 aequant,
3533 2259 3631 2323 ita
3692 2260 4066 2343 aequalium

436 2370 680 2437 iudicio
735 2391 811 2435 ac
867 2370 1183 2435 voluntati
1227 2389 1474 2435 morem
1521 2370 1737 2452 gessit,
1800 2375 1873 2434 ut
1918 2376 1983 2434 et
2026 2369 2168 2453 ipse
2213 2369 2299 2434 ad
2346 2368 2746 2434 Graecorum
2794 2371 3104 2453 epigonos
3147 2392 3216 2435 se
3260 2370 3641 2454 applicaret.
3681 2387 3688 2393 ·

750 2482 876 2548 Sed
941 2484 1075 2547 iam
1124 2481 1368 2546 diutius
1414 2501 1624 2565 aequo
1674 2482 1741 2546 in
1799 2480 2120 2547 vestibulo
2166 2482 2403 2545 morati
2448 2503 2697 2561 sumus;
2766 2481 2977 2546 altera
3035 2482 3732 2548 commentatiunculae
3790 2490 4063 2551 nostrae

436 2614 626 2677 pars,
704 2595 773 2658 in
833 2614 966 2675 qua
1026 2613 1169 2656 cum
1231 2592 1310 2658 de
1374 2592 1520 2657 aliis
1582 2593 1971 2658 Veronensis
2034 2592 2430 2658 carminibus
2492 2598 2632 2657 tum
2693 2592 2773 2657 de
2832 2593 3250 2658 vexatissima
3311 2594 3521 2677 elegia
3579 2594 4062 2679 disputabimus

428 2704 853 2787 sexagesima
900 2710 1148 2785 octava,
1194 2704 1321 2770 alio
1363 2705 1507 2770 loco
1552 2704 1731 2770 foras
1782 2705 2066 2769 dabitur.

2061 4527 2423 4596 corrigenda
2435 4540 2453 4582 ε

1784 4665 1908 4718 pag.
1956 4652 2014 4702 11
2058 4648 2094 4702 1.
2131 4645 2303 4710 ἐςεῖδε
2343 4662 2443 4716 pro
2479 4643 2668 4713 ἐρεῖδε.

2128 4735 2349 4802 πρῶτος
2387 4750 2488 4804 pro
2526 4735 2765 4802 πρῶτος).
