4716 5842
2220 399 2266 471 5

642 609 729 675 M.
773 609 1018 692 Haupt,
1057 606 1198 672 Ind.
1234 606 1412 672 Lect.
1456 604 1667 670 Berol.
1719 609 1903 670 1855.

642 721 711 786 F.
754 718 1024 798 Ritschl,
1068 717 1193 783 Die
1235 714 1842 783 alexandrinisehen
1881 713 2342 780 Bibliotheken
2371 719 2564 779 unter
2609 712 2736 778 den
2763 716 2982 778 ersten
3015 710 3483 791 Ptolemaeern,
3530 710 3837 796 Opusc.1.
3872 716 4056 777 1838.

644 833 742 898 W.
784 829 1169 913 Hertzberg,
1215 827 1680 908 Quaestionum
1719 826 2029 909 Propert3
2078 846 2220 910 cap.
2266 826 2404 890 VII.
2491 825 2592 890 De
2636 824 3004 889 imitatione
3044 829 3217 908 poet.
3260 822 3358 888 Al.
3403 823 3551 888 Hal.
3607 828 3791 888 1843.

643 943 958 1020 Meineke,
1004 939 1322 1007 Analecta
1364 937 1824 1017 Alexandrina,
1868 936 2083 1002 Berol.
2133 942 2318 1004 1843.

645 1056 709 1121 O.
756 1053 1035 1138 Dilthey‚
1078 1052 1177 1117 De
1223 1048 1606 1116 Callimachi
1648 1049 1959 1134 Cydippa,
1999 1048 2175 1133 Lips.
2227 1054 2413 1115 1863.
3033 1130 3038 1135 ἠ

642 1167 710 1232 L.
757 1163 1086 1243 Schwabe,
1133 1161 1600 1243 Quaestionum
1643 1159 2156 1227 Catullianarum
2200 1159 2388 1225 liber.
2480 1158 2710 1225 Gissae
2764 1164 2946 1226 1862.

640 1279 712 1343 O.
760 1275 1134 1356 Schneider,
1187 1272 1645 1352 Callimachea,
1692 1273 1867 1356 Lips.
1918 1277 2103 1338 1870.

642 1391 715 1455 R.
760 1388 940 1467 Ellis,
984 1385 1226 1453 Catulli
1270 1385 1503 1451 Veron.
1544 1384 1731 1450 liber.
1821 1383 2027 1449 oxon.
2077 1388 2257 1450 1867.

640 1504 713 1567 Α.
760 1500 1113 1578 Baehrens,
1158 1496 1397 1564 Catulli
1434 1497 1665 1563 Veron.
1711 1495 1896 1561 liber.
1984 1495 2157 1579 Lips.
2209 1501 2392 1561 1876.

640 1614 713 1678 Ε.
752 1610 997 1690 Rohde‚
1042 1609 1177 1674 Der
1221 1608 1626 1692 griechische
1672 1608 1925 1673 Roman
1968 1606 2102 1673 und
2146 1607 2323 1673 seine
2365 1605 2728 1672 Vorl'aufer.
2818 1606 3086 1691 Leipzig
3135 1611 3319 1672 1876.

641 1722 1043 1807 Bernhardy,
1089 1720 1444 1786 Grundriss
1489 1719 1607 1784 der
1650 1719 1764 1785 Gr.
1808 1719 1879 1783 L.

640 1835 843 1907 Idem,
886 1834 995 1897 Gr.
1042 1832 1160 1897 der
1204 1832 1278 1896 R.
1325 1832 1394 1897 L.

2038 1972 2450 1979 —--m—————

2204 2086 2293 2165 Ι.

743 2264 886 2329 Non
933 2263 1232 2329 omnibus
1276 2262 1537 2347 populis
1584 2262 1962 2344 contigisse,
2017 2267 2091 2326 ut
2142 2237 2217 2326 ‘in
2261 2261 2462 2325 animi
2511 2259 2883 2342 ingeniique
2936 2258 3446 2325 conformatione
3491 2253 4057 2343 pariter‘progre·

432 2379 745 2442 dei-entur
790 2381 989 2459 atque
1031 2375 1099 2440 in
1141 2374 1482 2459 republica
1522 2373 1824 2456 augenda
1872 2373 2378 2456 formandaque,
2436 2373 2581 2457 ipsa
2630 2370 2937 2436 docemur
2982 2371 3291 2451 historia3
3337 2392 3459 2436 nec
3502 2369 3769 2436 difficile
3814 2377 3916 2437 est
3961 2372 4057 2436 in-

432 2489 697 2554 tellectu
730 2508 925 2570 quam
958 2508 1113 2551 raro
1144 2486 1449 2563 evenerit,
1495 2490 1570 2549 ut
1598 2485 1828 2550 eadem
1869 2505 2024 2568 gens
2070 2506 2203 2568 qua
2245 2490 2464 2550 aetate
2506 2483 2760 2567 imperii
2807 2483 2907 2548 sui
2937 2482 3176 2549 finibus
3219 2504 3415 2566 quam
3442 2483 3758 2549 latissime
3783 2483 4058 2567 prolatis

431 2620 683 2665 summa
732 2598 910 2682 apud
951 2604 1213 2662 exteras
1257 2602 1482 2681 gentes
1512 2597 1907 2662 auctoritate
1952 2597 2230 2681 polleret
2258 2597 2671 2680 maximaque
2717 2616 2823 2661 res
2863 2595 3255 2661 domesticas
3292 2594 3791 2660 administrandi
3819 2597 4059 2679 peritia

431 2712 800 2789 excelleret,
847 2707 1075 2775 eadem
1123 2708 1314 2774 simul
1355 2708 1439 2773 ad
1485 2730 1802 2774 summum
1852 2730 1998 2774 cum
2034 2709 2308 2774 aliarum
2354 2709 2726 2774 litterarum
2774 2709 3149 2792 artiumque
3175 2692 3328 2772 'tum
3368 2727 3645 2792 poeseos
3671 2708 4057 2773 eveheretur

430 2822 780 2904 fastigium.
872 2824 1086 2904 Atque
1128 2829 1203 2886 ut
1246 2821 1330 2886 ab
1364 2821 1650 2905 antiquis
1679 2820 2087 2904 temporibus
2132 2821 2566 2899 exordiamur,
2612 2843 2810 2886 unum
2847 2821 3043 2886 sortis
3087 2826 3226 2885 tam
3266 2819 3476 2884 felicis
3519 2820 3806 2884 invenies
3840 2841 4056 2884 exem·

427 2935 605 3018 plum
671 2934 1097 2999 Athenienses
1119 2983 1134 3013 ‚
1209 2934 1451 3017 quippe
1513 2933 1626 3016 qui
1684 2932 1914 2998 eadem
1967 2931 2106 2998 fere
2171 2938 2389 2998 aetate
2460 2954 2592 3016 qua
2663 2932 2948 2999 Pericles
3009 2933 3279 2998 utilitati
3348 2932 3748 3016 reipublicae
3802 2933 4057 3017 prospi-

429 3053 624 3127 ceret,
676 3048 743 3112 in
779 3045 1078 3111 omuibus
1130 3045 1327 3110 etiam
1358 3045 1531 3110 vitae
1577 3044 1870 3109 cultioris
1910 3044 2210 3129 partibus
2240 3044 2603 3127 studiisque
2647 3050 2992 3129 tantopere
3037 3044 3396 3124 floruerint,
3442 3050 3518 3109 ut
3562 3044 3947 3128 Sophoclem
3993 3050 4059 3109 et

403 3158 727 3224 'Phidiam
759 3157 1331 3244 Thucydidemque
1372 3155 1669 3221 viderent
1715 3156 2043 3238 aequales.
2088 3155 2336 3220 Eadem
2381 3157 2653 3236 ratione,
2699 3162 2775 3221 ut
2815 3155 3183 3240 exemplum
3220 3177 3254 3221 e
3289 3156 3765 3222 recentioribus
3797 3176 4054 3240 proma-

428 3291 571 3334 mus
611 3270 1050 3354 temporibus,
1110 3269 1322 3353 gentis
1376 3267 1795 3333 Britannicae
1855 3267 2185 3352 ingenium
2245 3267 2668 3333 excolebatur
2723 3275 2790 3333 et
2859 3267 3421 3348 conformabatur3
3483 3289 3633 3332 nam
3693 3269 3748 3331 si
3808 3288 4057 3351 paucos

428 3382 763 3465 exceperis
809 3402 1042 3462 annOS,
1087 3381 1325 3465 quibus
1370 3401 1411 3445 a
1455 3381 1629 3446 iusto
1674 3380 2103 3445 humanitatis
2144 3379 2485 3463 cultusque
2528 3386 2860 3463 tamquam
2911 3379 3120 3463 gradu
3171 3378 3571 3444 recedebant
3626 3378 3728 3444 vel
3785 3401 4056 3463 prorsus

427 3495 492 3556 in
536 3492 784 3558 nullam
827 3499 1082 3576 partem
1133 3514 1203 3558 se
1248 3492 1615 3571 movebant,
1660 3511 1790 3574 quo
1836 3490 2067 3557 melius
2115 3491 2499 3556 confirmata
2554 3499 2621 3558 et
2672 3491 3103 3557 corroborata
3148 3491 3488 3557 crescebat
3531 3490 3925 3575 respublica,
3975 3512 4052 3555 eo

425 3605 666 3671 laetius
712 3603 1211 3670 efflorescebant
1235 3625 1365 3669 non
1397 3604 1590 3669 modo
1623 3602 1921 3669 eruditae
1962 3603 2376 3686 antiquitatis
2421 3604 2639 3669 studia
2682 3625 2906 3669 verum
2960 3605 3155 3669 etiam
3191 3605 3507 3669 sermonis
3550 3604 3749 3688 patrii
3774 3601 4054 3668 litterae.

733 3717 964 3800 Itaque
1009 3716 1182 3782 idem
1238 3716 1349 3781 ille
1389 3716 1687 3801 populus,
1733 3716 1916 3781 cuius
1959 3716 2407 3798 navigationes
2460 3736 2670 3799 neque
2716 3715 2984 3782 ultimae
3032 3715 3273 3780 'l'hules
3317 3715 3526 3799 glacie
3570 3736 3782 3798 neque
3829 3714 4054 3800 Libyci

426 3829 579 3893 solis
628 3834 815 3894 aestu
871 3829 1337 3920 terminantur,
1397 3829 1580 3894 cuius
1621 3827 1895 3911 imperio
1941 3833 2042 3892 tot
2092 3834 2319 3909 gentes
2366 3834 2715 3911 reguntur,
2779 3829 2964 3893 cuius
3008 3827 3269 3910 ingenio
3315 3833 3491 3892 artes
3538 3848 3707 3910 quae
3750 3826 3834 3890 ad
3881 3826 4053 3892 utili-

424 3944 626 4003 tatem
674 3942 845 4006 vitae
878 3942 1208 4024 pertinent
1253 3939 1637 4005 excoluntur
1668 3960 1908 4018 omnes,
1953 3945 2020 4005 et
2062 3940 2278 4019 medii,
2325 3939 2501 4022 quod
2547 3946 2800 4020 vocant,
2847 3938 2991 4006 aevi
3036 3945 3104 4005 et
3153 3940 3394 4005 nostris
3439 3938 3845 4021 temporibus
3889 3938 4055 4003 adeo

424 4051 783 4116 abundavit
822 4053 1054 4134 poetis,
1095 4074 1314 4118 rerum
1358 4052 1807 4136 scriptoribus,
1851 4051 2282 4136 philosophis,
2324 4056 2401 4116 ut
2450 4054 2648 4117 etiam
2692 4052 2820 4117 hac
2864 4052 2932 4115 in
2987 4072 3059 4116 re
3104 4050 3421 4136 plurimas
3467 4055 3692 4134 gentes
3739 4070 4052 4134 superare

423 4163 738 4229 videatur.
809 4163 982 4228 Satis
1026 4163 1237 4229 habeo
1282 4184 1561 4244 monere,
1606 4163 1901 4229 Eduardi
1930 4162 2134 4228 Tertii
2177 4167 2462 4228 aetatem
2506 4163 2861 4247 protulisse
2897 4163 3352 4230 Godofredum
3398 4162 3711 4241 Chaucer,
3761 4162 4054 4228 Elisabe-

421 4276 575 4341 thae
621 4274 1015 4341 Guilelmum
1060 4274 1509 4358 Shakespeare
1554 4281 1622 4340 et
1665 4275 2023 4355 Baconem‚
2084 4274 2327 4341 Oliveri
2371 4275 2708 4341 Cromwell
2755 4281 3044 4342 aetatem
3096 4275 3415 4341 Joannem
3460 4275 3726 4353 Milton,
3773 4274 4053 4358 denique

424 4393 716 4453 nostrum
776 4387 1106 4453 saeculum
1153 4386 1507 4469 Georgium
1562 4386 1811 4471 Byron!
1901 4387 2109 4452 Aliter
2158 4385 2577 4454 iudicandum
2640 4408 2782 4452 esse
2843 4386 2925 4452 de
2978 4387 3454 4454 Germanarum
3504 4387 3792 4471 gentium
3837 4386 4053 4465 rebuS,

425 4499 568 4577 quis
612 4505 712 4564 est
735 4501 855 4595 ‚qui
896 4499 1201 4584 ignoret?
1261 4498 1390 4564 Sed
1432 4503 1508 4563 ut
1544 4498 1612 4563 in
1655 4500 2028 4564 universum
2067 4520 2173 4565 res
2218 4500 2429 4582 gentis
2475 4505 2736 4565 nostrae
2786 4498 3191 4566 difficiliores
3233 4506 3386 4565 sunt
3431 4500 3516 4565 ad
3560 4498 4054 4583 intelligendum

424 4627 618 4688 quam
666 4609 942 4676 aliarum
987 4633 1151 4695 quas
1193 4612 1489 4678 novimus
1530 4611 1849 4693 gentium,
1908 4611 2035 4691 ita,
2080 4611 2137 4676 si
2182 4611 2583 4694 quaesiveris
2632 4612 2957 4695 quomodo
3007 4611 3254 4678 factum
3304 4612 3408 4691 sit,
3452 4617 3527 4677 ut
3576 4610 4051 4675 Germanorum

422 4719 541 4783 viri
588 4719 763 4785 docti
813 4727 879 4787 et
917 4729 1150 4805 poetae
1191 4723 1607 4789 vernaculam
1645 4723 1937 4806 linguam
1978 4743 2098 4807 per
2140 4728 2240 4788 tot
2286 4723 2551 4789 saecula
2609 4725 2873 4808 penitus
2931 4723 3362 4807 repudiarent
3422 4729 3490 4788 et
3543 4721 3732 4787 tarde
3794 4721 4052 4788 demum

418 4832 680 4897 litterae
724 4837 986 4898 nostrae
1030 4842 1528 4902 renascerentur
1571 4873 1657 4884 —
1702 4840 1839 4901 tam
1898 4836 2120 4901 variae
2182 4841 2336 4902 sunt
2381 4855 2648 4916 causae,
2708 4840 2782 4901 ut
2825 4836 3059 4921 paucis
3119 4835 3436 4920 explicari
3493 4834 3752 4899 omnino
3809 4855 4052 4918 neque-

421 4950 552 5009 ant.
639 4944 715 5009 Id
763 4966 962 5009 unum
1004 4946 1193 5010 velim
1237 4952 1455 5012 tecum
1507 4953 1807 5031 reputeS‚
1857 4945 2292 5013 nobilissimos
2341 4947 2816 5013 Germanorum
2862 4954 3095 5031 poetas
3144 4968 3272 5012 non
3305 4945 3509 5011 multo
3555 4952 3708 5012 ante
3756 4947 4053 5011 extitisse

421 5077 615 5137 quam
660 5057 727 5121 in
773 5077 850 5122 eo
900 5062 1073 5123 esset
1115 5062 1191 5122 ut
1220 5058 1595 5143 respublica
1634 5059 1929 5126 funditus
1973 5063 2381 5125 everteretur
2396 5059 2745 5141 omniaque
2788 5063 3191 5124 corruerent.
3282 5058 3500 5138 Quid?
3551 5058 3725 5141 quod
3768 5058 3819 5122 F
3822 5079 4051 5123 ranco-

421 5165 592 5247 galli,
635 5169 745 5250 qui
793 5175 861 5233 et
899 5170 1132 5254 opibus
1178 5176 1245 5236 et
1280 5170 1494 5236 Marte
1546 5170 1832 5236 secundo
1879 5170 2088 5236 adiuti
2136 5171 2338 5236 totius
2383 5169 2522 5236 fere
2553 5170 2860 5254 Europae
2908 5191 3226 5236 summam
3271 5171 3528 5256 imperii
3552 5174 3920 5247 tenuerunt,
3967 5169 4052 5233 ad
